Date,Time,Price,Bid,Ask,Size
02/03/2020,09:30:00,127.34,127.31,127.35,17978
02/03/2020,09:30:01,127.22,127.22,127.45,100
02/03/2020,09:31:04,127.53,127.35,127.53,237
02/03/2020,09:31:26,127.41,127.41,127.45,100
02/03/2020,09:31:26,127.41,127.4,127.43,100
02/03/2020,09:31:26,127.42,127.42,127.44,200
02/03/2020,09:31:26,127.42,127.41,127.43,100
02/03/2020,09:31:26,127.42,127.41,127.43,100
02/03/2020,09:31:26,127.43,127.42,127.44,100
02/03/2020,09:31:26,127.43,127.42,127.44,100
02/03/2020,09:31:27,127.43,127.43,127.45,100
02/03/2020,09:31:27,127.43,127.42,127.43,100
02/03/2020,09:31:27,127.43,127.42,127.43,100
02/03/2020,09:31:28,127.42,127.41,127.42,179
02/03/2020,09:31:28,127.41,127.41,127.42,100
02/03/2020,09:31:28,127.41,127.41,127.42,200
02/03/2020,09:31:28,127.41,127.41,127.42,100
02/03/2020,09:31:28,127.41,127.41,127.42,100
02/03/2020,09:31:28,127.41,127.41,127.42,100
02/03/2020,09:31:28,127.41,127.41,127.42,100
02/03/2020,09:31:28,127.41,127.41,127.42,100
02/03/2020,09:31:28,127.41,127.41,127.42,100
02/03/2020,09:31:29,127.41,127.4,127.41,100
02/03/2020,09:31:29,127.41,127.4,127.41,100
02/03/2020,09:31:29,127.41,127.4,127.41,100
02/03/2020,09:31:29,127.41,127.4,127.41,100
02/03/2020,09:31:29,127.41,127.4,127.41,100
02/03/2020,09:31:29,127.41,127.4,127.41,100
02/03/2020,09:31:29,127.41,127.4,127.41,100
02/03/2020,09:31:29,127.4,127.39,127.4,100
02/03/2020,09:31:29,127.41,127.4,127.41,100
02/03/2020,09:31:29,127.41,127.4,127.41,100
02/03/2020,09:31:29,127.41,127.4,127.41,100
02/03/2020,09:31:29,127.41,127.4,127.41,100
02/03/2020,09:31:29,127.41,127.4,127.41,100
02/03/2020,09:31:29,127.41,127.4,127.41,100
02/03/2020,09:31:29,127.41,127.4,127.41,100
02/03/2020,09:31:29,127.41,127.4,127.41,100
02/03/2020,09:31:29,127.41,127.4,127.41,100
02/03/2020,09:31:29,127.41,127.4,127.41,100
02/03/2020,09:31:29,127.41,127.4,127.41,100
02/03/2020,09:31:29,127.41,127.4,127.41,100
02/03/2020,09:31:29,127.41,127.4,127.41,100
02/03/2020,09:31:29,127.41,127.4,127.41,100
02/03/2020,09:31:29,127.41,127.4,127.41,100
02/03/2020,09:31:29,127.41,127.4,127.41,100
02/03/2020,09:31:29,127.41,127.4,127.41,100
02/03/2020,09:31:29,127.41,127.4,127.41,100
02/03/2020,09:31:29,127.41,127.4,127.41,100
02/03/2020,09:31:29,127.41,127.4,127.41,500
02/03/2020,09:31:29,127.41,127.4,127.41,100
02/03/2020,09:31:29,127.41,127.4,127.41,100
02/03/2020,09:31:29,127.41,127.4,127.41,100
02/03/2020,09:31:29,127.41,127.4,127.41,100
02/03/2020,09:31:30,127.41,127.41,127.42,200
02/03/2020,09:31:30,127.41,127.41,127.42,100
02/03/2020,09:31:30,127.41,127.41,127.42,200
02/03/2020,09:31:30,127.41,127.41,127.42,200
02/03/2020,09:31:30,127.41,127.41,127.42,200
02/03/2020,09:31:30,127.41,127.41,127.42,200
02/03/2020,09:31:30,127.41,127.41,127.42,100
02/03/2020,09:31:30,127.41,127.41,127.42,200
02/03/2020,09:31:30,127.41,127.41,127.42,200
02/03/2020,09:31:30,127.41,127.41,127.42,100
02/03/2020,09:31:30,127.41,127.41,127.42,200
02/03/2020,09:31:30,127.41,127.41,127.42,100
02/03/2020,09:31:30,127.41,127.41,127.42,100
02/03/2020,09:31:30,127.41,127.41,127.42,100
02/03/2020,09:31:30,127.41,127.41,127.42,100
02/03/2020,09:31:30,127.41,127.41,127.42,100
02/03/2020,09:31:30,127.41,127.41,127.42,100
02/03/2020,09:31:30,127.41,127.41,127.42,100
02/03/2020,09:31:30,127.41,127.41,127.42,300
02/03/2020,09:31:30,127.41,127.41,127.42,200
02/03/2020,09:31:30,127.41,127.41,127.42,100
02/03/2020,09:31:30,127.41,127.41,127.42,200
02/03/2020,09:31:30,127.41,127.41,127.42,100
02/03/2020,09:31:30,127.41,127.41,127.42,400
02/03/2020,09:31:30,127.41,127.4,127.41,200
02/03/2020,09:31:30,127.41,127.4,127.41,100
02/03/2020,09:31:31,127.41,127.41,127.42,100
02/03/2020,09:31:31,127.41,127.41,127.42,100
02/03/2020,09:31:31,127.41,127.41,127.42,200
02/03/2020,09:31:31,127.41,127.41,127.42,200
02/03/2020,09:31:31,127.41,127.41,127.42,200
02/03/2020,09:31:31,127.41,127.41,127.42,200
02/03/2020,09:31:31,127.41,127.41,127.42,100
02/03/2020,09:31:31,127.41,127.41,127.42,100
02/03/2020,09:31:31,127.41,127.41,127.42,200
02/03/2020,09:31:31,127.41,127.41,127.42,100
02/03/2020,09:31:31,127.41,127.41,127.42,100
02/03/2020,09:31:31,127.41,127.41,127.42,100
02/03/2020,09:31:31,127.41,127.41,127.42,100
02/03/2020,09:31:31,127.41,127.41,127.42,100
02/03/2020,09:31:31,127.41,127.41,127.42,100
02/03/2020,09:31:31,127.41,127.41,127.42,200
02/03/2020,09:31:31,127.41,127.41,127.42,300
02/03/2020,09:31:31,127.41,127.41,127.42,200
02/03/2020,09:31:31,127.41,127.41,127.42,400
02/03/2020,09:31:31,127.41,127.41,127.42,100
02/03/2020,09:31:31,127.41,127.41,127.42,100
02/03/2020,09:31:31,127.41,127.41,127.42,100
02/03/2020,09:31:31,127.41,127.4,127.41,150
02/03/2020,09:31:31,127.41,127.4,127.41,100
02/03/2020,09:31:31,127.41,127.41,127.42,100
02/03/2020,09:31:31,127.41,127.41,127.42,200
02/03/2020,09:31:31,127.41,127.41,127.42,100
02/03/2020,09:31:31,127.41,127.41,127.42,200
02/03/2020,09:31:31,127.41,127.41,127.42,200
02/03/2020,09:31:31,127.41,127.41,127.42,200
02/03/2020,09:31:31,127.41,127.41,127.42,100
02/03/2020,09:31:31,127.41,127.41,127.42,500
02/03/2020,09:31:32,127.41,127.41,127.42,100
02/03/2020,09:31:32,127.41,127.41,127.42,100
02/03/2020,09:31:32,127.41,127.41,127.42,100
02/03/2020,09:31:33,127.41,127.4,127.41,200
02/03/2020,09:31:33,127.41,127.4,127.41,100
02/03/2020,09:31:44,127.39,127.38,127.4,200
02/03/2020,09:31:44,127.39,127.38,127.4,200
02/03/2020,09:31:44,127.39,127.38,127.4,156
02/03/2020,09:31:49,127.38,127.37,127.38,200
02/03/2020,09:31:51,127.38,127.38,127.39,100
02/03/2020,09:31:51,127.38,127.38,127.39,100
02/03/2020,09:31:51,127.38,127.38,127.39,200
02/03/2020,09:31:51,127.38,127.38,127.39,100
02/03/2020,09:31:51,127.38,127.38,127.39,200
02/03/2020,09:31:51,127.38,127.38,127.39,200
02/03/2020,09:31:51,127.38,127.38,127.39,100
02/03/2020,09:31:51,127.38,127.38,127.39,200
02/03/2020,09:31:51,127.38,127.38,127.39,100
02/03/2020,09:31:51,127.38,127.38,127.39,200
02/03/2020,09:31:51,127.38,127.38,127.39,200
02/03/2020,09:31:51,127.38,127.38,127.39,100
02/03/2020,09:31:51,127.38,127.38,127.39,200
02/03/2020,09:31:51,127.38,127.38,127.39,100
02/03/2020,09:31:51,127.38,127.38,127.39,100
02/03/2020,09:31:51,127.38,127.38,127.39,100
02/03/2020,09:31:51,127.38,127.38,127.39,100
02/03/2020,09:31:51,127.38,127.37,127.39,100
02/03/2020,09:31:51,127.38,127.37,127.39,200
02/03/2020,09:31:52,127.38,127.37,127.39,200
02/03/2020,09:31:52,127.38,127.37,127.39,400
02/03/2020,09:31:52,127.38,127.37,127.39,400
02/03/2020,09:31:52,127.38,127.37,127.39,200
02/03/2020,09:31:52,127.38,127.37,127.38,200
02/03/2020,09:31:52,127.38,127.37,127.38,100
02/03/2020,09:31:52,127.38,127.37,127.38,100
02/03/2020,09:31:52,127.38,127.37,127.38,200
02/03/2020,09:31:52,127.38,127.38,127.39,100
02/03/2020,09:31:52,127.38,127.38,127.39,200
02/03/2020,09:31:52,127.38,127.38,127.39,200
02/03/2020,09:31:52,127.38,127.38,127.39,200
02/03/2020,09:31:52,127.38,127.38,127.39,300
02/03/2020,09:31:54,127.39,127.39,127.41,200
02/03/2020,09:31:54,127.39,127.39,127.41,100
02/03/2020,09:31:54,127.39,127.39,127.41,200
02/03/2020,09:31:54,127.39,127.39,127.41,200
02/03/2020,09:31:54,127.39,127.39,127.41,200
02/03/2020,09:31:54,127.39,127.39,127.41,100
02/03/2020,09:31:54,127.39,127.39,127.41,100
02/03/2020,09:31:54,127.39,127.39,127.41,100
02/03/2020,09:31:54,127.39,127.39,127.41,300
02/03/2020,09:31:54,127.39,127.39,127.41,100
02/03/2020,09:31:55,127.4,127.39,127.4,200
02/03/2020,09:31:55,127.4,127.39,127.4,200
02/03/2020,09:31:55,127.4,127.39,127.4,200
02/03/2020,09:31:56,127.39,127.38,127.39,200
02/03/2020,09:31:56,127.39,127.39,127.4,100
02/03/2020,09:31:56,127.39,127.39,127.4,100
02/03/2020,09:31:56,127.39,127.39,127.4,200
02/03/2020,09:31:56,127.39,127.39,127.4,200
02/03/2020,09:31:56,127.39,127.39,127.4,200
02/03/2020,09:31:56,127.39,127.39,127.4,100
02/03/2020,09:31:56,127.39,127.39,127.4,600
02/03/2020,09:31:56,127.39,127.39,127.4,200
02/03/2020,09:31:56,127.39,127.39,127.4,100
02/03/2020,09:31:56,127.39,127.39,127.4,100
02/03/2020,09:31:56,127.39,127.39,127.4,100
02/03/2020,09:31:56,127.39,127.39,127.4,200
02/03/2020,09:31:56,127.39,127.39,127.4,100
02/03/2020,09:31:56,127.39,127.39,127.4,100
02/03/2020,09:31:56,127.39,127.39,127.4,100
02/03/2020,09:31:56,127.39,127.39,127.4,100
02/03/2020,09:31:56,127.39,127.39,127.4,100
02/03/2020,09:31:56,127.39,127.39,127.4,100
02/03/2020,09:31:56,127.39,127.39,127.4,800
02/03/2020,09:31:56,127.39,127.39,127.4,1100
02/03/2020,09:31:56,127.39,127.39,127.4,100
02/03/2020,09:31:56,127.39,127.39,127.4,100
02/03/2020,09:31:56,127.39,127.39,127.4,500
02/03/2020,09:31:56,127.39,127.39,127.4,200
02/03/2020,09:31:56,127.39,127.39,127.4,100
02/03/2020,09:31:56,127.39,127.39,127.4,100
02/03/2020,09:31:56,127.39,127.39,127.4,400
02/03/2020,09:31:56,127.39,127.39,127.4,100
02/03/2020,09:31:56,127.39,127.39,127.4,100
02/03/2020,09:31:56,127.39,127.39,127.4,200
02/03/2020,09:31:56,127.39,127.39,127.4,100
02/03/2020,09:31:57,127.4,127.4,127.41,200
02/03/2020,09:31:57,127.4,127.4,127.41,100
02/03/2020,09:31:57,127.4,127.4,127.41,100
02/03/2020,09:31:57,127.4,127.4,127.41,100
02/03/2020,09:31:57,127.4,127.4,127.41,150
02/03/2020,09:31:57,127.4,127.4,127.41,100
02/03/2020,09:31:57,127.4,127.4,127.41,100
02/03/2020,09:31:57,127.4,127.4,127.41,100
02/03/2020,09:31:57,127.4,127.4,127.41,200
02/03/2020,09:31:57,127.4,127.4,127.41,200
02/03/2020,09:31:57,127.4,127.4,127.41,100
02/03/2020,09:31:58,127.41,127.4,127.41,120
02/03/2020,09:31:58,127.41,127.4,127.41,200
02/03/2020,09:31:58,127.41,127.4,127.41,125
02/03/2020,09:31:58,127.41,127.4,127.41,100
02/03/2020,09:32:03,127.38,127.37,127.38,200
02/03/2020,09:32:03,127.38,127.37,127.38,200
02/03/2020,09:32:03,127.38,127.38,127.39,100
02/03/2020,09:32:03,127.38,127.38,127.39,100
02/03/2020,09:32:03,127.38,127.38,127.39,100
02/03/2020,09:32:03,127.38,127.38,127.39,100
02/03/2020,09:32:03,127.38,127.38,127.39,100
02/03/2020,09:32:03,127.38,127.37,127.39,100
02/03/2020,09:32:03,127.38,127.37,127.39,100
02/03/2020,09:32:03,127.38,127.37,127.39,100
02/03/2020,09:32:03,127.38,127.37,127.39,100
02/03/2020,09:32:03,127.38,127.37,127.39,100
02/03/2020,09:32:03,127.38,127.37,127.39,100
02/03/2020,09:32:03,127.38,127.37,127.39,600
02/03/2020,09:32:03,127.38,127.37,127.38,100
02/03/2020,09:32:03,127.38,127.37,127.38,100
02/03/2020,09:32:03,127.38,127.38,127.39,100
02/03/2020,09:32:03,127.38,127.38,127.39,100
02/03/2020,09:32:03,127.38,127.38,127.39,100
02/03/2020,09:32:03,127.38,127.38,127.39,100
02/03/2020,09:32:03,127.38,127.38,127.39,100
02/03/2020,09:32:03,127.38,127.38,127.39,100
02/03/2020,09:32:03,127.38,127.37,127.38,200
02/03/2020,09:32:03,127.38,127.37,127.38,100
02/03/2020,09:32:03,127.38,127.37,127.38,100
02/03/2020,09:32:04,127.38,127.38,127.38,100
02/03/2020,09:32:04,127.38,127.38,127.38,100
02/03/2020,09:32:04,127.38,127.38,127.38,200
02/03/2020,09:32:04,127.38,127.38,127.38,200
02/03/2020,09:32:04,127.38,127.38,127.38,200
02/03/2020,09:32:04,127.38,127.38,127.38,100
02/03/2020,09:32:04,127.38,127.38,127.38,200
02/03/2020,09:32:04,127.38,127.38,127.38,100
02/03/2020,09:32:04,127.38,127.38,127.38,100
02/03/2020,09:32:04,127.38,127.38,127.38,100
02/03/2020,09:32:04,127.38,127.38,127.38,100
02/03/2020,09:32:04,127.38,127.38,127.38,100
02/03/2020,09:32:04,127.38,127.38,127.38,100
02/03/2020,09:32:04,127.38,127.38,127.38,100
02/03/2020,09:32:04,127.38,127.38,127.38,100
02/03/2020,09:32:04,127.38,127.38,127.39,100
02/03/2020,09:32:04,127.38,127.38,127.39,100
02/03/2020,09:32:04,127.38,127.38,127.39,100
02/03/2020,09:32:04,127.38,127.38,127.39,200
02/03/2020,09:32:04,127.38,127.38,127.39,300
02/03/2020,09:32:04,127.38,127.38,127.39,200
02/03/2020,09:32:04,127.38,127.37,127.39,100
02/03/2020,09:32:04,127.38,127.37,127.39,200
02/03/2020,09:32:04,127.38,127.37,127.39,100
02/03/2020,09:32:04,127.38,127.37,127.39,100
02/03/2020,09:32:04,127.38,127.37,127.39,100
02/03/2020,09:32:04,127.38,127.37,127.39,100
02/03/2020,09:32:04,127.38,127.37,127.39,100
02/03/2020,09:32:04,127.38,127.37,127.39,100
02/03/2020,09:32:04,127.38,127.38,127.39,100
02/03/2020,09:32:40,127.34,127.33,127.35,100
02/03/2020,09:32:46,127.31,127.29,127.31,100
02/03/2020,09:32:46,127.31,127.29,127.31,100
02/03/2020,09:32:49,127.3109,127.3,127.32,200
02/03/2020,09:33:01,127.36,127.35,127.37,400
02/03/2020,09:33:01,127.36,127.35,127.37,400
02/03/2020,09:33:01,127.36,127.35,127.37,200
02/03/2020,09:33:01,127.36,127.35,127.37,400
02/03/2020,09:33:01,127.36,127.35,127.37,200
02/03/2020,09:33:01,127.36,127.35,127.37,300
02/03/2020,09:33:01,127.36,127.35,127.37,100
02/03/2020,09:33:01,127.36,127.35,127.37,300
02/03/2020,09:33:29,127.32,127.32,127.33,100
02/03/2020,09:33:29,127.32,127.32,127.33,100
02/03/2020,09:33:29,127.32,127.32,127.33,100
02/03/2020,09:33:30,127.31,127.3,127.32,100
02/03/2020,09:33:30,127.31,127.31,127.32,100
02/03/2020,09:33:31,127.31,127.3,127.31,100
02/03/2020,09:33:31,127.31,127.3,127.31,200
02/03/2020,09:33:31,127.31,127.3,127.31,100
02/03/2020,09:33:31,127.31,127.3,127.31,100
02/03/2020,09:33:31,127.31,127.3,127.31,100
02/03/2020,09:33:33,127.34,127.32,127.34,100
02/03/2020,09:33:34,127.3615,127.34,127.37,131
02/03/2020,09:34:12,127.35,127.35,127.36,100
02/03/2020,09:34:16,127.34,127.33,127.35,200
02/03/2020,09:34:16,127.34,127.33,127.35,100
02/03/2020,09:34:23,127.4,127.39,127.41,100
02/03/2020,09:34:23,127.4,127.39,127.41,100
02/03/2020,09:34:23,127.4,127.4,127.41,100
02/03/2020,09:34:23,127.41,127.4,127.42,200
02/03/2020,09:34:24,127.41,127.4,127.41,100
02/03/2020,09:34:27,127.4,127.39,127.41,100
02/03/2020,09:34:34,127.38,127.37,127.39,100
02/03/2020,09:34:34,127.38,127.37,127.39,175
02/03/2020,09:34:43,127.39,127.37,127.39,100
02/03/2020,09:34:56,127.41,127.4,127.41,100
02/03/2020,09:35:00,127.42,127.42,127.43,100
02/03/2020,09:35:02,127.43,127.43,127.44,200
02/03/2020,09:35:02,127.43,127.43,127.44,100
02/03/2020,09:35:02,127.43,127.43,127.44,100
02/03/2020,09:35:03,127.44,127.43,127.44,100
02/03/2020,09:35:08,127.45,127.44,127.46,100
02/03/2020,09:35:19,127.43,127.42,127.43,100
02/03/2020,09:35:19,127.43,127.42,127.43,100
02/03/2020,09:35:19,127.43,127.42,127.43,100
02/03/2020,09:35:19,127.43,127.42,127.43,100
02/03/2020,09:35:22,127.45,127.44,127.46,100
02/03/2020,09:35:24,127.46,127.44,127.46,100
02/03/2020,09:35:24,127.46,127.46,127.47,100
02/03/2020,09:35:24,127.46,127.46,127.47,200
02/03/2020,09:35:24,127.46,127.46,127.47,100
02/03/2020,09:35:26,127.45,127.44,127.45,100
02/03/2020,09:35:37,127.44,127.44,127.46,1315
02/03/2020,09:35:51,127.44,127.43,127.44,100
02/03/2020,09:35:51,127.44,127.43,127.44,100
02/03/2020,09:35:54,127.43,127.41,127.43,100
02/03/2020,09:35:55,127.4147,127.41,127.42,107
02/03/2020,09:36:10,127.42,127.41,127.42,100
02/03/2020,09:36:26,127.4,127.38,127.41,100
02/03/2020,09:36:40,127.42,127.42,127.43,100
02/03/2020,09:36:47,127.44,127.44,127.45,100
02/03/2020,09:36:48,127.44,127.43,127.44,100
02/03/2020,09:36:49,127.44,127.43,127.44,100
02/03/2020,09:36:49,127.44,127.43,127.44,100
02/03/2020,09:36:49,127.44,127.44,127.45,100
02/03/2020,09:36:49,127.44,127.44,127.45,100
02/03/2020,09:36:49,127.44,127.44,127.45,100
02/03/2020,09:36:49,127.44,127.44,127.45,100
02/03/2020,09:36:49,127.44,127.44,127.45,100
02/03/2020,09:36:49,127.44,127.44,127.45,100
02/03/2020,09:36:55,127.46,127.46,127.47,100
02/03/2020,09:37:08,127.47,127.46,127.47,200
02/03/2020,09:37:08,127.47,127.46,127.47,300
02/03/2020,09:37:08,127.47,127.46,127.47,400
02/03/2020,09:37:08,127.47,127.46,127.47,300
02/03/2020,09:37:08,127.47,127.47,127.49,100
02/03/2020,09:37:11,127.47,127.47,127.48,100
02/03/2020,09:37:11,127.47,127.46,127.47,100
02/03/2020,09:37:46,127.53,127.52,127.53,100
02/03/2020,09:38:09,127.5265,127.52,127.54,100
02/03/2020,09:38:10,127.55,127.55,127.56,100
02/03/2020,09:38:12,127.57,127.56,127.57,100
02/03/2020,09:38:12,127.57,127.56,127.57,100
02/03/2020,09:38:12,127.57,127.56,127.57,100
02/03/2020,09:38:13,127.57,127.57,127.58,100
02/03/2020,09:38:35,127.54,127.53,127.54,100
02/03/2020,09:38:47,127.54,127.54,127.55,100
02/03/2020,09:38:49,127.53,127.52,127.53,100
02/03/2020,09:38:49,127.53,127.52,127.53,100
02/03/2020,09:38:49,127.53,127.52,127.53,600
02/03/2020,09:38:49,127.53,127.52,127.53,100
02/03/2020,09:38:49,127.53,127.52,127.53,400
02/03/2020,09:38:49,127.53,127.52,127.53,100
02/03/2020,09:38:49,127.53,127.52,127.53,1100
02/03/2020,09:38:49,127.53,127.52,127.53,100
02/03/2020,09:38:49,127.53,127.52,127.53,800
02/03/2020,09:38:49,127.53,127.52,127.53,700
02/03/2020,09:38:49,127.53,127.52,127.53,100
02/03/2020,09:38:49,127.53,127.52,127.53,100
02/03/2020,09:38:49,127.53,127.52,127.53,500
02/03/2020,09:38:49,127.53,127.52,127.53,100
02/03/2020,09:38:49,127.53,127.52,127.53,100
02/03/2020,09:38:49,127.53,127.52,127.53,142
02/03/2020,09:38:50,127.53,127.53,127.54,100
02/03/2020,09:39:30,127.52,127.51,127.53,500
02/03/2020,09:40:06,127.52,127.5,127.52,200
02/03/2020,09:40:06,127.5117,127.5,127.52,271
02/03/2020,09:40:24,127.52,127.51,127.53,100
02/03/2020,09:40:24,127.52,127.51,127.53,100
02/03/2020,09:40:31,127.53,127.52,127.54,100
02/03/2020,09:40:31,127.53,127.52,127.54,100
02/03/2020,09:40:31,127.525,127.52,127.54,100
02/03/2020,09:41:31,127.52,127.52,127.53,100
02/03/2020,09:41:55,127.47,127.47,127.48,100
02/03/2020,09:41:55,127.4734,127.47,127.48,100
02/03/2020,09:41:55,127.47,127.47,127.48,100
02/03/2020,09:41:55,127.4734,127.47,127.48,100
02/03/2020,09:41:55,127.47,127.47,127.48,100
02/03/2020,09:41:55,127.4734,127.47,127.48,100
02/03/2020,09:41:55,127.47,127.47,127.48,100
02/03/2020,09:41:55,127.4734,127.47,127.48,100
02/03/2020,09:41:55,127.47,127.47,127.48,100
02/03/2020,09:41:55,127.4734,127.47,127.48,100
02/03/2020,09:41:55,127.471,127.47,127.48,100
02/03/2020,09:41:55,127.4734,127.47,127.48,100
02/03/2020,09:41:55,127.471,127.47,127.48,100
02/03/2020,09:41:55,127.4734,127.47,127.48,100
02/03/2020,09:41:55,127.47,127.47,127.48,100
02/03/2020,09:41:55,127.4734,127.47,127.48,100
02/03/2020,09:41:55,127.47,127.47,127.48,100
02/03/2020,09:41:55,127.4734,127.47,127.48,100
02/03/2020,09:41:55,127.47,127.47,127.48,100
02/03/2020,09:41:55,127.4734,127.47,127.48,100
02/03/2020,09:41:55,127.47,127.47,127.48,100
02/03/2020,09:41:55,127.4734,127.47,127.48,100
02/03/2020,09:41:55,127.47,127.47,127.48,100
02/03/2020,09:41:55,127.4734,127.47,127.48,100
02/03/2020,09:41:55,127.47,127.47,127.48,100
02/03/2020,09:41:55,127.4734,127.47,127.48,100
02/03/2020,09:41:55,127.47,127.47,127.48,100
02/03/2020,09:41:55,127.4734,127.47,127.48,100
02/03/2020,09:41:55,127.47,127.47,127.48,100
02/03/2020,09:41:55,127.4734,127.47,127.48,100
02/03/2020,09:41:56,127.47,127.47,127.48,100
02/03/2020,09:41:56,127.4734,127.47,127.48,100
02/03/2020,09:41:56,127.47,127.47,127.48,100
02/03/2020,09:41:56,127.4734,127.47,127.48,100
02/03/2020,09:41:56,127.47,127.47,127.48,100
02/03/2020,09:41:56,127.4734,127.47,127.48,100
02/03/2020,09:42:14,127.48,127.47,127.49,100
02/03/2020,09:43:57,127.52,127.52,127.53,100
02/03/2020,09:43:57,127.52,127.52,127.53,100
02/03/2020,09:44:37,127.5396,127.53,127.55,150
02/03/2020,09:45:18,127.5752,127.57,127.58,500
02/03/2020,09:45:47,127.66,127.66,127.67,100
02/03/2020,09:46:07,127.71,127.7,127.72,100
02/03/2020,09:46:10,127.71,127.7,127.72,100
02/03/2020,09:46:10,127.71,127.7,127.72,200
02/03/2020,09:46:10,127.71,127.7,127.72,100
02/03/2020,09:46:10,127.71,127.7,127.72,100
02/03/2020,09:46:10,127.71,127.7,127.72,100
02/03/2020,09:46:23,127.73,127.73,127.74,215
02/03/2020,09:46:25,127.73,127.72,127.73,100
02/03/2020,09:46:25,127.73,127.72,127.73,100
02/03/2020,09:46:28,127.72,127.72,127.73,100
02/03/2020,09:47:17,127.74,127.74,127.75,100
02/03/2020,09:47:29,127.734,127.72,127.74,300
02/03/2020,09:47:29,127.7339,127.72,127.74,473
02/03/2020,09:48:00,127.76,127.73,127.75,400
02/03/2020,09:48:00,127.75,127.73,127.75,100
02/03/2020,09:48:00,127.75,127.73,127.75,100
02/03/2020,09:48:00,127.76,127.73,127.75,400
02/03/2020,09:48:00,127.76,127.73,127.75,100
02/03/2020,09:48:00,127.76,127.73,127.75,100
02/03/2020,09:48:00,127.76,127.73,127.75,100
02/03/2020,09:48:00,127.76,127.73,127.75,100
02/03/2020,09:48:00,127.76,127.73,127.75,100
02/03/2020,09:48:00,127.76,127.73,127.75,100
02/03/2020,09:48:00,127.76,127.73,127.75,400
02/03/2020,09:48:00,127.76,127.73,127.75,200
02/03/2020,09:48:00,127.76,127.75,127.75,400
02/03/2020,09:48:08,127.76,127.75,127.76,100
02/03/2020,09:48:24,127.78,127.78,127.79,100
02/03/2020,09:48:24,127.79,127.78,127.79,100
02/03/2020,09:48:27,127.79,127.79,127.8,100
02/03/2020,09:48:27,127.79,127.79,127.8,100
02/03/2020,09:48:27,127.79,127.79,127.8,100
02/03/2020,09:48:27,127.79,127.79,127.8,100
02/03/2020,09:48:27,127.79,127.79,127.8,100
02/03/2020,09:48:29,127.79,127.78,127.79,100
02/03/2020,09:48:31,127.78,127.78,127.79,53036
02/03/2020,09:48:31,127.78,127.77,127.78,100
02/03/2020,09:48:33,127.76,127.75,127.76,100
02/03/2020,09:48:34,127.76,127.76,127.77,100
02/03/2020,09:48:34,127.76,127.76,127.77,100
02/03/2020,09:48:34,127.76,127.76,127.77,100
02/03/2020,09:48:34,127.76,127.76,127.77,100
02/03/2020,09:48:37,127.76,127.76,127.77,100
02/03/2020,09:48:37,127.76,127.76,127.77,100
02/03/2020,09:48:37,127.76,127.76,127.77,100
02/03/2020,09:48:39,127.7502,127.75,127.76,354
02/03/2020,09:48:43,127.75,127.74,127.75,100
02/03/2020,09:48:50,127.74,127.73,127.74,100
02/03/2020,09:48:50,127.74,127.73,127.74,100
02/03/2020,09:48:50,127.74,127.73,127.74,100
02/03/2020,09:48:50,127.74,127.73,127.74,100
02/03/2020,09:48:50,127.74,127.73,127.74,100
02/03/2020,09:48:50,127.74,127.73,127.74,100
02/03/2020,09:48:50,127.74,127.73,127.74,100
02/03/2020,09:48:53,127.75,127.74,127.75,100
02/03/2020,09:49:05,127.78,127.77,127.78,300
02/03/2020,09:49:16,127.76,127.76,127.77,100
02/03/2020,09:49:35,127.76,127.75,127.76,100
02/03/2020,09:49:36,127.76,127.76,127.77,100
02/03/2020,09:49:39,127.76,127.76,127.77,100
02/03/2020,09:49:40,127.76,127.76,127.77,100
02/03/2020,09:49:40,127.76,127.76,127.77,400
02/03/2020,09:49:40,127.76,127.76,127.77,100
02/03/2020,09:49:40,127.76,127.76,127.77,100
02/03/2020,09:49:40,127.76,127.76,127.77,100
02/03/2020,09:49:40,127.76,127.76,127.77,100
02/03/2020,09:49:42,127.76,127.76,127.77,100
02/03/2020,09:49:42,127.76,127.76,127.77,100
02/03/2020,09:49:49,127.765,127.76,127.77,306
02/03/2020,09:49:52,127.77,127.77,127.78,100
02/03/2020,09:50:01,127.78,127.78,127.79,100
02/03/2020,09:50:15,127.78,127.77,127.78,100
02/03/2020,09:50:16,127.77,127.76,127.77,100
02/03/2020,09:50:24,127.75,127.74,127.75,100
02/03/2020,09:50:46,127.75,127.74,127.75,100
02/03/2020,09:50:50,127.75,127.75,127.76,100
02/03/2020,09:50:54,127.75,127.75,127.76,100
02/03/2020,09:50:59,127.75,127.75,127.76,100
02/03/2020,09:50:59,127.75,127.75,127.76,100
02/03/2020,09:51:08,127.77,127.77,127.78,100
02/03/2020,09:51:11,127.75,127.74,127.75,100
02/03/2020,09:51:12,127.75,127.75,127.76,100
02/03/2020,09:51:14,127.75,127.75,127.76,100
02/03/2020,09:51:18,127.75,127.74,127.75,100
02/03/2020,09:51:22,127.74,127.74,127.75,100
02/03/2020,09:51:24,127.73,127.73,127.73,100
02/03/2020,09:51:24,127.74,127.74,127.75,100
02/03/2020,09:51:30,127.72,127.71,127.72,100
02/03/2020,09:51:34,127.73,127.72,127.73,100
02/03/2020,09:52:08,127.72,127.72,127.73,100
02/03/2020,09:52:29,127.77,127.76,127.77,100
02/03/2020,09:52:50,127.79,127.78,127.79,100
02/03/2020,09:52:53,127.79,127.78,127.79,100
02/03/2020,09:52:53,127.78,127.77,127.78,100
02/03/2020,09:52:53,127.78,127.77,127.78,200
02/03/2020,09:52:57,127.77,127.76,127.77,100
02/03/2020,09:53:06,127.79,127.79,127.8,100
02/03/2020,09:53:06,127.79,127.79,127.8,100
02/03/2020,09:53:10,127.81,127.8,127.81,100
02/03/2020,09:53:11,127.8,127.79,127.81,100
02/03/2020,09:54:10,127.8001,127.8,127.81,199
02/03/2020,09:54:16,127.8026,127.8,127.81,717
02/03/2020,09:54:30,127.8,127.8,127.81,100
02/03/2020,09:54:30,127.8,127.79,127.8,100
02/03/2020,09:54:38,127.8,127.79,127.8,200
02/03/2020,09:54:38,127.8,127.79,127.8,100
02/03/2020,09:54:40,127.79,127.78,127.79,100
02/03/2020,09:54:40,127.79,127.78,127.79,100
02/03/2020,09:54:57,127.775,127.77,127.78,100
02/03/2020,09:55:00,127.79,127.79,127.8,100
02/03/2020,09:55:00,127.79,127.79,127.8,100
02/03/2020,09:55:00,127.79,127.79,127.8,100
02/03/2020,09:55:04,127.81,127.8,127.81,100
02/03/2020,09:55:05,127.81,127.8,127.81,100
02/03/2020,09:55:09,127.8,127.79,127.8,100
02/03/2020,09:55:14,127.7752,127.77,127.78,369
02/03/2020,09:55:26,127.76,127.75,127.76,100
02/03/2020,09:55:26,127.76,127.75,127.76,100
02/03/2020,09:55:26,127.76,127.75,127.76,100
02/03/2020,09:55:31,127.76,127.75,127.76,100
02/03/2020,09:55:31,127.76,127.75,127.76,100
02/03/2020,09:55:34,127.76,127.75,127.76,100
02/03/2020,09:55:46,127.76,127.76,127.77,100
02/03/2020,09:56:24,127.78,127.78,127.79,100
02/03/2020,09:56:24,127.78,127.78,127.79,100
02/03/2020,09:56:31,127.78,127.78,127.79,100
02/03/2020,09:56:31,127.78,127.78,127.79,100
02/03/2020,09:56:46,127.78,127.77,127.78,100
02/03/2020,09:56:46,127.78,127.77,127.78,100
02/03/2020,09:56:46,127.78,127.77,127.78,100
02/03/2020,09:56:49,127.76,127.75,127.76,100
02/03/2020,09:56:49,127.76,127.75,127.76,100
02/03/2020,09:56:49,127.76,127.75,127.76,100
02/03/2020,09:56:49,127.76,127.75,127.76,200
02/03/2020,09:56:49,127.76,127.76,127.77,100
02/03/2020,09:56:49,127.76,127.76,127.77,100
02/03/2020,09:56:49,127.76,127.76,127.77,100
02/03/2020,09:56:49,127.76,127.76,127.77,100
02/03/2020,09:56:49,127.76,127.76,127.77,200
02/03/2020,09:56:49,127.76,127.76,127.77,100
02/03/2020,09:56:49,127.76,127.76,127.77,100
02/03/2020,09:56:49,127.76,127.76,127.77,100
02/03/2020,09:56:49,127.76,127.76,127.77,100
02/03/2020,09:56:49,127.76,127.76,127.77,100
02/03/2020,09:56:55,127.78,127.78,127.79,115
02/03/2020,09:57:05,127.8,127.79,127.8,100
02/03/2020,09:57:11,127.79,127.78,127.79,100
02/03/2020,09:57:11,127.795,127.78,127.79,100
02/03/2020,09:57:11,127.795,127.78,127.79,100
02/03/2020,09:57:12,127.79,127.78,127.79,100
02/03/2020,09:57:22,127.77,127.76,127.77,400
02/03/2020,09:57:22,127.77,127.76,127.77,200
02/03/2020,09:57:22,127.77,127.76,127.77,100
02/03/2020,09:57:22,127.77,127.76,127.77,100
02/03/2020,09:57:23,127.77,127.77,127.78,100
02/03/2020,09:57:28,127.79,127.79,127.8,100
02/03/2020,09:57:33,127.79,127.78,127.79,100
02/03/2020,09:57:41,127.79,127.79,127.8,200
02/03/2020,09:58:16,127.77,127.76,127.78,100
02/03/2020,09:58:57,127.75,127.75,127.76,100
02/03/2020,09:59:03,127.74,127.74,127.75,100
02/03/2020,09:59:08,127.7283,127.72,127.73,257
02/03/2020,10:00:00,127.85,127.7,127.73,100
02/03/2020,10:00:00,127.81,127.7,127.74,100
02/03/2020,10:00:00,127.84,127.7,127.74,300
02/03/2020,10:00:00,127.85,127.7,127.74,300
02/03/2020,10:00:00,127.75,127.7,127.74,100
02/03/2020,10:00:00,127.75,127.7,127.75,300
02/03/2020,10:00:00,127.76,127.7,127.75,100
02/03/2020,10:00:00,127.77,127.7,127.75,100
02/03/2020,10:00:00,127.78,127.7,127.75,100
02/03/2020,10:00:00,127.79,127.7,127.75,100
02/03/2020,10:00:00,127.8,127.7,127.75,100
02/03/2020,10:00:00,127.81,127.7,127.75,100
02/03/2020,10:00:00,127.82,127.7,127.75,100
02/03/2020,10:00:00,127.83,127.73,127.75,100
02/03/2020,10:00:00,127.83,127.73,127.75,300
02/03/2020,10:00:00,127.84,127.73,127.75,100
02/03/2020,10:00:00,127.84,127.73,127.75,300
02/03/2020,10:00:00,127.85,127.73,127.75,100
02/03/2020,10:00:00,127.85,127.73,127.75,300
02/03/2020,10:00:00,127.86,127.73,127.75,100
02/03/2020,10:00:00,127.87,127.73,127.75,100
02/03/2020,10:00:00,127.88,127.73,127.75,100
02/03/2020,10:00:00,127.89,127.73,127.75,100
02/03/2020,10:00:00,127.81,127.73,127.75,100
02/03/2020,10:00:00,127.85,127.73,127.75,300
02/03/2020,10:00:00,127.81,127.73,127.75,100
02/03/2020,10:00:00,127.76,127.76,127.87,100
02/03/2020,10:00:00,127.805,127.76,127.87,100
02/03/2020,10:00:00,127.77,127.76,127.87,100
02/03/2020,10:00:00,127.77,127.76,127.87,100
02/03/2020,10:00:00,127.76,127.76,127.87,100
02/03/2020,10:00:00,127.8,127.76,127.87,100
02/03/2020,10:00:00,127.81,127.76,127.87,100
02/03/2020,10:00:00,127.77,127.76,127.87,100
02/03/2020,10:00:00,127.84,127.76,127.87,100
02/03/2020,10:00:00,127.87,127.76,127.87,100
02/03/2020,10:00:00,127.87,127.76,127.87,300
02/03/2020,10:00:00,127.87,127.76,127.87,100
02/03/2020,10:00:00,127.9,127.77,127.9,100
02/03/2020,10:00:00,127.91,127.79,127.92,100
02/03/2020,10:00:00,127.79,127.83,127.92,100
02/03/2020,10:00:00,127.79,127.83,127.94,100
02/03/2020,10:00:00,127.87,127.83,127.94,100
02/03/2020,10:00:00,127.87,127.83,127.94,100
02/03/2020,10:00:00,127.89,127.83,127.94,100
02/03/2020,10:00:00,127.9,127.83,127.94,100
02/03/2020,10:00:00,127.91,127.88,127.93,100
02/03/2020,10:00:00,127.91,127.88,127.94,100
02/03/2020,10:00:00,127.92,127.88,127.94,100
02/03/2020,10:00:00,127.92,127.88,127.94,100
02/03/2020,10:00:00,127.93,127.88,127.94,100
02/03/2020,10:00:00,127.86,127.88,127.94,100
02/03/2020,10:00:00,127.91,127.88,127.94,100
02/03/2020,10:00:00,127.91,127.88,127.94,100
02/03/2020,10:00:00,127.93,127.88,127.94,100
02/03/2020,10:00:00,127.9,127.88,127.94,100
02/03/2020,10:00:00,127.94,127.88,127.94,100
02/03/2020,10:00:00,127.95,127.88,127.94,100
02/03/2020,10:00:00,127.97,127.93,127.94,100
02/03/2020,10:00:00,127.98,127.93,127.94,100
02/03/2020,10:00:00,127.94,127.93,127.94,100
02/03/2020,10:00:00,127.94,127.93,127.94,100
02/03/2020,10:00:00,127.94,127.93,127.94,100
02/03/2020,10:00:00,127.94,127.93,127.94,100
02/03/2020,10:00:00,127.94,127.93,127.94,100
02/03/2020,10:00:00,127.94,127.93,127.94,100
02/03/2020,10:00:00,127.94,127.93,127.94,100
02/03/2020,10:00:00,127.94,127.93,127.94,100
02/03/2020,10:00:00,127.94,127.93,127.94,100
02/03/2020,10:00:00,127.94,127.94,127.98,100
02/03/2020,10:00:00,127.94,127.94,127.98,100
02/03/2020,10:00:00,127.93,127.94,127.98,200
02/03/2020,10:00:00,127.93,127.94,127.98,100
02/03/2020,10:00:00,127.94,127.94,127.98,100
02/03/2020,10:00:00,127.98,127.91,127.94,100
02/03/2020,10:00:00,127.95,127.91,127.94,100
02/03/2020,10:00:00,127.95,127.92,127.95,100
02/03/2020,10:00:00,127.95,127.92,127.95,100
02/03/2020,10:00:00,127.95,127.92,127.95,100
02/03/2020,10:00:00,127.95,127.94,127.95,100
02/03/2020,10:00:00,127.95,127.94,127.95,100
02/03/2020,10:00:00,127.96,127.94,127.95,100
02/03/2020,10:00:00,127.95,127.94,127.95,100
02/03/2020,10:00:00,127.95,127.94,127.95,100
02/03/2020,10:00:00,127.95,127.94,127.95,100
02/03/2020,10:00:00,127.95,127.94,127.95,100
02/03/2020,10:00:00,127.94,127.92,127.95,100
02/03/2020,10:00:00,127.93,127.93,127.96,100
02/03/2020,10:00:00,127.93,127.93,127.96,100
02/03/2020,10:00:00,127.845,127.93,127.96,100
02/03/2020,10:00:00,127.93,127.92,127.95,100
02/03/2020,10:00:00,127.93,127.92,127.95,100
02/03/2020,10:00:00,127.93,127.92,127.95,100
02/03/2020,10:00:00,127.94,127.93,127.95,100
02/03/2020,10:00:01,127.93,127.93,127.94,100
02/03/2020,10:00:01,127.93,127.93,127.94,200
02/03/2020,10:00:01,127.94,127.93,127.96,100
02/03/2020,10:00:02,127.93,127.92,127.93,100
02/03/2020,10:00:02,127.94,127.93,127.95,100
02/03/2020,10:00:02,127.94,127.93,127.95,100
02/03/2020,10:00:02,127.94,127.92,127.95,100
02/03/2020,10:00:02,127.94,127.92,127.95,100
02/03/2020,10:00:03,127.94,127.92,127.94,100
02/03/2020,10:00:03,127.93,127.94,127.96,100
02/03/2020,10:00:03,127.93,127.94,127.96,100
02/03/2020,10:00:03,127.93,127.94,127.96,100
02/03/2020,10:00:03,127.93,127.94,127.96,100
02/03/2020,10:00:03,127.93,127.94,127.96,100
02/03/2020,10:00:03,127.93,127.94,127.96,100
02/03/2020,10:00:03,127.94,127.93,127.94,100
02/03/2020,10:00:03,127.95,127.94,127.96,100
02/03/2020,10:00:03,127.95,127.94,127.96,100
02/03/2020,10:00:03,127.95,127.94,127.96,100
02/03/2020,10:00:03,127.95,127.94,127.95,100
02/03/2020,10:00:03,127.95,127.94,127.95,100
02/03/2020,10:00:03,127.95,127.94,127.95,100
02/03/2020,10:00:03,127.95,127.94,127.96,100
02/03/2020,10:00:04,127.95,127.94,127.96,100
02/03/2020,10:00:04,127.97,127.96,127.98,100
02/03/2020,10:00:06,127.97,127.96,127.99,100
02/03/2020,10:00:08,127.96,127.94,127.97,100
02/03/2020,10:00:08,127.96,127.94,127.97,100
02/03/2020,10:00:08,127.96,127.94,127.97,300
02/03/2020,10:00:08,127.96,127.94,127.97,100
02/03/2020,10:00:09,127.93,127.93,127.96,100
02/03/2020,10:00:09,127.93,127.93,127.96,100
02/03/2020,10:00:09,127.92,127.89,127.96,100
02/03/2020,10:00:09,127.91,127.89,127.96,100
02/03/2020,10:00:09,127.91,127.89,127.96,100
02/03/2020,10:00:09,127.9,127.89,127.96,100
02/03/2020,10:00:09,127.9,127.89,127.96,100
02/03/2020,10:00:09,127.9,127.89,127.94,100
02/03/2020,10:00:12,127.89,127.87,127.9,100
02/03/2020,10:00:12,127.89,127.87,127.9,100
02/03/2020,10:00:12,127.89,127.87,127.9,100
02/03/2020,10:00:13,127.89,127.89,127.91,100
02/03/2020,10:00:13,127.89,127.89,127.91,100
02/03/2020,10:00:13,127.89,127.89,127.91,100
02/03/2020,10:00:13,127.89,127.89,127.91,100
02/03/2020,10:00:13,127.89,127.89,127.91,100
02/03/2020,10:00:13,127.9,127.89,127.91,100
02/03/2020,10:00:13,127.88,127.89,127.91,100
02/03/2020,10:00:13,127.89,127.89,127.91,100
02/03/2020,10:00:13,127.87,127.87,127.89,100
02/03/2020,10:00:13,127.89,127.85,127.89,100
02/03/2020,10:00:14,127.89,127.88,127.9,100
02/03/2020,10:00:14,127.89,127.88,127.9,100
02/03/2020,10:00:18,127.9,127.88,127.9,100
02/03/2020,10:00:21,127.92,127.9,127.92,300
02/03/2020,10:00:21,127.92,127.9,127.92,100
02/03/2020,10:00:22,127.9,127.89,127.91,300
02/03/2020,10:00:24,127.8959,127.89,127.91,106
02/03/2020,10:00:24,127.89,127.87,127.9,200
02/03/2020,10:00:24,127.89,127.87,127.9,100
02/03/2020,10:00:24,127.89,127.88,127.9,100
02/03/2020,10:00:24,127.89,127.88,127.9,100
02/03/2020,10:00:26,127.93,127.92,127.94,100
02/03/2020,10:00:49,127.95,127.93,127.96,100
02/03/2020,10:00:59,127.935,127.92,127.93,100
02/03/2020,10:00:59,127.935,127.92,127.93,109
02/03/2020,10:00:59,127.93,127.93,127.94,100
02/03/2020,10:00:59,127.93,127.93,127.94,100
02/03/2020,10:01:11,127.97,127.95,127.97,104
02/03/2020,10:01:18,127.95,127.94,127.96,100
02/03/2020,10:01:23,127.93,127.93,127.95,100
02/03/2020,10:01:25,127.92,127.91,127.92,100
02/03/2020,10:01:41,127.92,127.91,127.94,100
02/03/2020,10:01:59,127.93,127.93,127.94,100
02/03/2020,10:02:09,127.93,127.92,127.94,100
02/03/2020,10:02:13,127.95,127.94,127.95,100
02/03/2020,10:02:14,127.94,127.94,127.95,335
02/03/2020,10:02:14,127.94,127.94,127.95,124
02/03/2020,10:02:20,127.95,127.95,127.96,100
02/03/2020,10:02:23,127.97,127.97,127.98,100
02/03/2020,10:02:31,127.97,127.97,127.98,122
02/03/2020,10:02:34,127.96,127.95,127.96,100
02/03/2020,10:02:51,127.96,127.95,127.96,100
02/03/2020,10:03:00,127.98,127.97,127.98,200
02/03/2020,10:03:00,127.98,127.97,127.98,100
02/03/2020,10:03:00,127.98,127.97,127.98,100
02/03/2020,10:03:00,127.98,127.97,127.98,100
02/03/2020,10:03:00,127.98,127.97,127.98,100
02/03/2020,10:03:00,127.98,127.97,127.98,100
02/03/2020,10:03:00,127.98,127.97,127.98,100
02/03/2020,10:03:00,127.98,127.97,127.98,800
02/03/2020,10:03:00,127.98,127.97,127.98,100
02/03/2020,10:03:00,127.98,127.97,127.98,100
02/03/2020,10:03:00,127.98,127.97,127.98,100
02/03/2020,10:03:00,127.98,127.97,127.98,100
02/03/2020,10:03:00,127.98,127.97,127.98,100
02/03/2020,10:03:00,127.98,127.97,127.98,100
02/03/2020,10:03:00,127.98,127.97,127.98,100
02/03/2020,10:03:01,127.96,127.96,127.97,100
02/03/2020,10:03:02,127.97,127.97,127.98,100
02/03/2020,10:03:02,127.97,127.97,127.98,100
02/03/2020,10:03:02,127.97,127.97,127.98,100
02/03/2020,10:03:02,127.97,127.97,127.98,100
02/03/2020,10:03:02,127.97,127.97,127.98,200
02/03/2020,10:03:02,127.97,127.97,127.97,100
02/03/2020,10:03:06,127.96,127.96,127.97,100
02/03/2020,10:03:07,127.97,127.96,127.97,100
02/03/2020,10:03:07,127.97,127.97,127.98,100
02/03/2020,10:03:11,127.94,127.93,127.94,100
02/03/2020,10:03:11,127.94,127.93,127.94,300
02/03/2020,10:03:11,127.94,127.92,127.93,100
02/03/2020,10:03:11,127.93,127.92,127.93,100
02/03/2020,10:03:11,127.93,127.92,127.93,100
02/03/2020,10:03:11,127.94,127.92,127.93,100
02/03/2020,10:03:11,127.94,127.92,127.93,100
02/03/2020,10:03:11,127.94,127.92,127.93,100
02/03/2020,10:03:11,127.94,127.92,127.93,100
02/03/2020,10:03:11,127.95,127.94,127.95,100
02/03/2020,10:03:14,127.94,127.94,127.95,100
02/03/2020,10:03:14,127.94,127.94,127.95,100
02/03/2020,10:03:15,127.9432,127.94,127.95,199
02/03/2020,10:03:36,128,128,128.01,100
02/03/2020,10:03:37,128.01,128.01,128.02,100
02/03/2020,10:03:37,128.01,128.01,128.02,100
02/03/2020,10:03:40,128,127.99,128,100
02/03/2020,10:04:03,128.02,128.02,128.03,100
02/03/2020,10:04:05,128.01,128,128.01,100
02/03/2020,10:04:07,128.01,128,128.02,100
02/03/2020,10:04:16,128.01,128,128.01,100
02/03/2020,10:04:16,128.01,128,128.01,100
02/03/2020,10:04:25,128.02,128.02,128.03,100
02/03/2020,10:04:25,128.02,128.02,128.03,100
02/03/2020,10:04:28,128.04,128.04,128.05,100
02/03/2020,10:04:28,128.04,128.04,128.05,100
02/03/2020,10:04:29,128.03,128.02,128.03,100
02/03/2020,10:04:41,128,128,128.01,100
02/03/2020,10:05:00,127.95,127.94,127.95,100
02/03/2020,10:05:01,127.92,127.91,127.92,100
02/03/2020,10:05:02,127.91,127.9,127.91,100
02/03/2020,10:05:02,127.9,127.89,127.9,100
02/03/2020,10:05:04,127.89,127.89,127.9,100
02/03/2020,10:05:04,127.9,127.9,127.91,100
02/03/2020,10:05:05,127.87,127.88,127.89,200
02/03/2020,10:05:05,127.87,127.88,127.89,100
02/03/2020,10:05:06,127.88,127.87,127.88,100
02/03/2020,10:05:07,127.82,127.81,127.82,200
02/03/2020,10:05:07,127.82,127.81,127.82,100
02/03/2020,10:05:08,127.81,127.81,127.82,100
02/03/2020,10:05:08,127.82,127.81,127.83,100
02/03/2020,10:05:08,127.82,127.82,127.84,200
02/03/2020,10:05:09,127.83,127.82,127.84,100
02/03/2020,10:05:09,127.8,127.81,127.82,100
02/03/2020,10:05:09,127.8,127.81,127.82,100
02/03/2020,10:05:09,127.8,127.81,127.82,100
02/03/2020,10:05:09,127.8,127.81,127.82,100
02/03/2020,10:05:10,127.8,127.79,127.81,100
02/03/2020,10:05:11,127.79,127.79,127.8,100
02/03/2020,10:05:12,127.77,127.76,127.78,100
02/03/2020,10:05:12,127.77,127.76,127.78,100
02/03/2020,10:05:12,127.77,127.76,127.78,300
02/03/2020,10:05:12,127.77,127.76,127.78,300
02/03/2020,10:05:16,127.74,127.73,127.74,100
02/03/2020,10:05:16,127.74,127.73,127.74,100
02/03/2020,10:05:16,127.74,127.73,127.74,100
02/03/2020,10:05:17,127.74,127.73,127.75,100
02/03/2020,10:05:17,127.74,127.73,127.75,100
02/03/2020,10:05:19,127.73,127.73,127.74,100
02/03/2020,10:05:20,127.77,127.76,127.77,200
02/03/2020,10:05:20,127.77,127.76,127.77,100
02/03/2020,10:05:24,127.82,127.81,127.82,100
02/03/2020,10:05:24,127.81,127.81,127.82,100
02/03/2020,10:05:31,127.85,127.86,127.87,100
02/03/2020,10:05:31,127.85,127.85,127.86,100
02/03/2020,10:05:31,127.86,127.85,127.86,100
02/03/2020,10:05:31,127.86,127.85,127.86,100
02/03/2020,10:05:31,127.86,127.85,127.86,100
02/03/2020,10:05:31,127.85,127.85,127.86,200
02/03/2020,10:05:31,127.85,127.84,127.85,100
02/03/2020,10:05:31,127.86,127.85,127.86,100
02/03/2020,10:05:32,127.86,127.86,127.87,100
02/03/2020,10:05:32,127.87,127.87,127.88,100
02/03/2020,10:05:33,127.88,127.88,127.89,100
02/03/2020,10:05:35,127.88,127.87,127.88,200
02/03/2020,10:05:37,127.85,127.84,127.86,100
02/03/2020,10:05:40,127.86,127.85,127.87,100
02/03/2020,10:05:40,127.86,127.85,127.86,100
02/03/2020,10:05:41,127.89,127.88,127.89,100
02/03/2020,10:05:44,127.87,127.86,127.87,100
02/03/2020,10:05:44,127.8657,127.86,127.87,200
02/03/2020,10:05:46,127.8401,127.84,127.85,562
02/03/2020,10:05:47,127.85,127.84,127.86,100
02/03/2020,10:05:57,127.95,127.94,127.96,100
02/03/2020,10:05:58,127.94,127.94,127.95,100
02/03/2020,10:06:00,127.9,127.89,127.9,100
02/03/2020,10:06:00,127.89,127.88,127.89,100
02/03/2020,10:06:02,127.89,127.88,127.89,100
02/03/2020,10:06:04,127.87,127.87,127.88,100
02/03/2020,10:06:15,127.87,127.87,127.88,100
02/03/2020,10:06:22,127.83,127.82,127.83,100
02/03/2020,10:06:22,127.83,127.82,127.83,100
02/03/2020,10:07:01,127.865,127.86,127.87,391
02/03/2020,10:07:13,127.85,127.84,127.85,100
02/03/2020,10:07:23,127.83,127.82,127.83,100
02/03/2020,10:07:27,127.84,127.83,127.84,100
02/03/2020,10:07:27,127.84,127.84,127.85,100
02/03/2020,10:07:27,127.84,127.83,127.84,100
02/03/2020,10:07:36,127.819,127.81,127.82,150
02/03/2020,10:07:37,127.82,127.81,127.82,100
02/03/2020,10:07:46,127.8199,127.81,127.82,132
02/03/2020,10:07:47,127.81,127.8,127.81,100
02/03/2020,10:07:57,127.78,127.77,127.78,100
02/03/2020,10:07:57,127.78,127.77,127.78,100
02/03/2020,10:08:17,127.85,127.85,127.86,100
02/03/2020,10:08:40,127.8,127.79,127.8,100
02/03/2020,10:09:06,127.795,127.79,127.8,155
02/03/2020,10:09:09,127.8,127.8,127.81,100
02/03/2020,10:09:10,127.8071,127.8,127.81,1797
02/03/2020,10:09:25,127.79,127.79,127.8,100
02/03/2020,10:09:42,127.81,127.81,127.82,100
02/03/2020,10:10:12,127.85,127.84,127.85,100
02/03/2020,10:10:16,127.84,127.83,127.84,100
02/03/2020,10:10:20,127.84,127.84,127.85,100
02/03/2020,10:10:26,127.85,127.84,127.85,100
02/03/2020,10:10:26,127.85,127.84,127.85,100
02/03/2020,10:10:27,127.845,127.84,127.85,100
02/03/2020,10:10:41,127.85,127.84,127.85,100
02/03/2020,10:10:49,127.85,127.84,127.85,100
02/03/2020,10:10:53,127.86,127.85,127.86,100
02/03/2020,10:11:12,127.91,127.9,127.91,100
02/03/2020,10:11:12,127.91,127.9,127.91,100
02/03/2020,10:11:15,127.89,127.89,127.9,100
02/03/2020,10:11:15,127.89,127.89,127.9,100
02/03/2020,10:11:15,127.89,127.89,127.9,100
02/03/2020,10:11:22,127.88,127.88,127.89,100
02/03/2020,10:11:22,127.88,127.88,127.89,100
02/03/2020,10:11:22,127.88,127.88,127.89,100
02/03/2020,10:11:22,127.88,127.87,127.88,100
02/03/2020,10:11:22,127.88,127.87,127.88,100
02/03/2020,10:11:24,127.89,127.88,127.89,100
02/03/2020,10:11:26,127.9,127.89,127.9,100
02/03/2020,10:11:30,127.9,127.89,127.9,100
02/03/2020,10:11:33,127.91,127.91,127.92,100
02/03/2020,10:11:34,127.91,127.9,127.91,100
02/03/2020,10:11:35,127.91,127.9,127.91,100
02/03/2020,10:11:35,127.91,127.9,127.91,100
02/03/2020,10:11:36,127.9,127.89,127.9,100
02/03/2020,10:11:39,127.9,127.89,127.9,100
02/03/2020,10:11:49,127.88,127.87,127.88,100
02/03/2020,10:12:07,127.89,127.88,127.89,100
02/03/2020,10:12:08,127.89,127.88,127.89,100
02/03/2020,10:12:11,127.88,127.87,127.89,100
02/03/2020,10:12:21,127.88,127.86,127.88,100
02/03/2020,10:12:48,127.84,127.84,127.85,200
02/03/2020,10:12:48,127.84,127.84,127.85,100
02/03/2020,10:12:48,127.84,127.84,127.85,100
02/03/2020,10:12:48,127.84,127.84,127.85,100
02/03/2020,10:12:48,127.84,127.84,127.85,803
02/03/2020,10:13:20,127.8401,127.84,127.85,7526
02/03/2020,10:13:44,127.8,127.79,127.8,100
02/03/2020,10:14:02,127.8383,127.83,127.84,158
02/03/2020,10:14:07,127.85,127.85,127.86,100
02/03/2020,10:14:09,127.8579,127.85,127.86,200
02/03/2020,10:14:16,127.83,127.82,127.84,100
02/03/2020,10:14:25,127.84,127.84,127.85,300
02/03/2020,10:14:42,127.86,127.85,127.86,100
02/03/2020,10:15:10,127.85,127.85,127.86,100
02/03/2020,10:15:10,127.86,127.86,127.87,100
02/03/2020,10:15:29,127.88,127.87,127.88,100
02/03/2020,10:15:32,127.88,127.87,127.88,100
02/03/2020,10:15:42,127.85,127.85,127.86,100
02/03/2020,10:16:38,127.77,127.76,127.77,100
02/03/2020,10:16:40,127.755,127.74,127.75,100
02/03/2020,10:16:40,127.75,127.74,127.75,100
02/03/2020,10:16:40,127.75,127.74,127.75,400
02/03/2020,10:17:02,127.78,127.77,127.78,100
02/03/2020,10:17:02,127.79,127.78,127.79,100
02/03/2020,10:17:17,127.8127,127.81,127.82,144
02/03/2020,10:17:31,127.8399,127.83,127.84,332
02/03/2020,10:18:00,127.89,127.88,127.89,100
02/03/2020,10:18:02,127.89,127.88,127.89,100
02/03/2020,10:18:07,127.89,127.88,127.89,100
02/03/2020,10:18:38,127.89,127.88,127.89,215
02/03/2020,10:18:41,127.9,127.89,127.9,100
02/03/2020,10:19:13,127.91,127.9,127.91,100
02/03/2020,10:19:30,127.8965,127.89,127.9,3000
02/03/2020,10:19:34,127.89,127.88,127.89,100
02/03/2020,10:19:34,127.88,127.87,127.88,100
02/03/2020,10:19:40,127.89,127.89,127.9,100
02/03/2020,10:19:40,127.89,127.89,127.9,100
02/03/2020,10:19:40,127.892,127.89,127.9,100
02/03/2020,10:19:40,127.8926,127.89,127.9,100
02/03/2020,10:19:40,127.89,127.89,127.9,2800
02/03/2020,10:19:43,127.8927,127.89,127.9,3000
02/03/2020,10:19:50,127.8901,127.89,127.9,4000
02/03/2020,10:19:54,127.905,127.9,127.91,100
02/03/2020,10:19:54,127.9,127.9,127.91,102
02/03/2020,10:19:54,127.9,127.9,127.91,100
02/03/2020,10:19:54,127.9,127.9,127.91,100
02/03/2020,10:19:54,127.9001,127.9,127.91,102
02/03/2020,10:19:54,127.9001,127.9,127.91,100
02/03/2020,10:19:54,127.9,127.9,127.91,100
02/03/2020,10:19:54,127.9,127.9,127.91,100
02/03/2020,10:19:54,127.9,127.9,127.91,100
02/03/2020,10:19:54,127.9,127.9,127.91,300
02/03/2020,10:19:54,127.9001,127.9,127.91,100
02/03/2020,10:19:54,127.9001,127.9,127.91,100
02/03/2020,10:19:54,127.9001,127.9,127.91,100
02/03/2020,10:19:54,127.9001,127.9,127.91,100
02/03/2020,10:19:54,127.9001,127.9,127.91,300
02/03/2020,10:19:54,127.9,127.9,127.91,300
02/03/2020,10:19:54,127.9,127.9,127.91,100
02/03/2020,10:19:54,127.9,127.9,127.91,215
02/03/2020,10:19:54,127.9001,127.9,127.91,100
02/03/2020,10:19:54,127.9001,127.9,127.91,215
02/03/2020,10:19:54,127.9001,127.9,127.91,2300
02/03/2020,10:19:58,127.8918,127.89,127.9,4000
02/03/2020,10:20:01,127.91,127.91,127.92,100
02/03/2020,10:20:02,127.901,127.9,127.91,1300
02/03/2020,10:20:02,127.901,127.9,127.91,1000
02/03/2020,10:20:02,127.9,127.89,127.9,100
02/03/2020,10:20:02,127.9,127.89,127.9,100
02/03/2020,10:20:02,127.9,127.89,127.9,100
02/03/2020,10:20:02,127.9,127.89,127.9,100
02/03/2020,10:20:02,127.8934,127.89,127.9,785
02/03/2020,10:20:06,127.88,127.87,127.88,100
02/03/2020,10:20:13,127.88,127.88,127.89,100
02/03/2020,10:20:14,127.89,127.88,127.89,100
02/03/2020,10:20:14,127.89,127.88,127.89,100
02/03/2020,10:20:15,127.9,127.9,127.91,100
02/03/2020,10:20:17,127.91,127.91,127.92,100
02/03/2020,10:20:24,127.91,127.91,127.92,100
02/03/2020,10:20:32,127.91,127.9,127.91,100
02/03/2020,10:20:34,127.916,127.91,127.92,100
02/03/2020,10:20:40,127.92,127.91,127.92,100
02/03/2020,10:20:50,127.91,127.9,127.91,100
02/03/2020,10:20:50,127.91,127.9,127.91,202
02/03/2020,10:21:24,127.91,127.89,127.9,100
02/03/2020,10:21:37,127.86,127.86,127.87,100
02/03/2020,10:21:38,127.86,127.85,127.86,100
02/03/2020,10:21:43,127.86,127.85,127.86,100
02/03/2020,10:21:43,127.86,127.85,127.86,207
02/03/2020,10:21:59,127.87,127.87,127.88,100
02/03/2020,10:22:00,127.87,127.86,127.87,100
02/03/2020,10:22:02,127.87,127.87,127.88,400
02/03/2020,10:22:02,127.87,127.87,127.88,100
02/03/2020,10:22:02,127.88,127.87,127.88,100
02/03/2020,10:22:04,127.88,127.88,127.89,200
02/03/2020,10:22:04,127.88,127.88,127.89,100
02/03/2020,10:22:04,127.88,127.88,127.89,300
02/03/2020,10:22:04,127.88,127.88,127.89,100
02/03/2020,10:22:04,127.88,127.88,127.89,400
02/03/2020,10:22:04,127.88,127.88,127.89,600
02/03/2020,10:22:07,127.87,127.87,127.88,100
02/03/2020,10:22:41,127.88,127.87,127.88,100
02/03/2020,10:23:13,127.88,127.87,127.88,100
02/03/2020,10:23:18,127.88,127.87,127.88,101
02/03/2020,10:23:24,127.88,127.87,127.88,112
02/03/2020,10:23:33,127.88,127.87,127.88,100
02/03/2020,10:24:05,127.94,127.93,127.94,100
02/03/2020,10:24:08,127.93,127.93,127.94,100
02/03/2020,10:24:11,127.93,127.92,127.93,203
02/03/2020,10:24:12,127.92,127.92,127.93,100
02/03/2020,10:24:21,127.93,127.93,127.94,538
02/03/2020,10:24:24,127.93,127.92,127.93,100
02/03/2020,10:24:34,127.91,127.91,127.92,105
02/03/2020,10:24:34,127.92,127.92,127.93,100
02/03/2020,10:24:34,127.92,127.92,127.93,100
02/03/2020,10:24:35,127.9299,127.92,127.93,400
02/03/2020,10:24:57,127.94,127.93,127.94,100
02/03/2020,10:24:57,127.93,127.92,127.93,100
02/03/2020,10:24:57,127.93,127.92,127.93,100
02/03/2020,10:24:57,127.93,127.92,127.93,100
02/03/2020,10:25:12,127.96,127.96,127.97,500
02/03/2020,10:25:12,127.96,127.96,127.97,100
02/03/2020,10:25:12,127.96,127.96,127.97,100
02/03/2020,10:25:12,127.96,127.96,127.97,100
02/03/2020,10:25:12,127.96,127.96,127.97,200
02/03/2020,10:25:12,127.96,127.96,127.97,100
02/03/2020,10:25:12,127.96,127.96,127.97,100
02/03/2020,10:25:12,127.96,127.96,127.97,500
02/03/2020,10:25:12,127.96,127.96,127.97,100
02/03/2020,10:25:12,127.96,127.96,127.97,200
02/03/2020,10:25:12,127.96,127.96,127.97,300
02/03/2020,10:25:12,127.96,127.96,127.97,100
02/03/2020,10:25:12,127.96,127.96,127.97,400
02/03/2020,10:25:12,127.96,127.96,127.97,200
02/03/2020,10:25:12,127.96,127.96,127.97,100
02/03/2020,10:25:12,127.96,127.96,127.97,100
02/03/2020,10:25:17,127.95,127.95,127.96,100
02/03/2020,10:25:23,127.95,127.94,127.95,100
02/03/2020,10:25:30,127.97,127.96,127.97,100
02/03/2020,10:25:46,127.971,127.97,127.98,900
02/03/2020,10:25:51,127.98,127.97,127.98,100
02/03/2020,10:26:16,128,127.99,128,100
02/03/2020,10:26:20,127.98,127.97,127.98,100
02/03/2020,10:26:38,127.9912,127.98,128,207
02/03/2020,10:26:56,127.99,127.99,127.99,100
02/03/2020,10:26:56,127.99,127.99,127.99,200
02/03/2020,10:26:56,127.995,127.99,127.99,100
02/03/2020,10:26:56,127.99,127.99,127.99,600
02/03/2020,10:26:56,127.99,127.99,127.99,100
02/03/2020,10:26:56,127.99,127.99,127.99,900
02/03/2020,10:26:56,127.99,127.99,127.99,500
02/03/2020,10:26:56,127.99,127.99,127.99,100
02/03/2020,10:26:56,127.99,127.99,127.99,200
02/03/2020,10:26:56,127.99,127.99,127.99,140
02/03/2020,10:26:56,127.99,127.99,127.99,100
02/03/2020,10:26:56,127.99,127.99,127.99,200
02/03/2020,10:26:56,127.99,127.99,127.99,100
02/03/2020,10:26:56,127.99,127.99,127.99,100
02/03/2020,10:26:56,127.99,127.99,127.99,100
02/03/2020,10:26:56,127.99,127.99,127.99,100
02/03/2020,10:26:56,127.99,127.99,128,300
02/03/2020,10:26:56,127.99,127.99,128,400
02/03/2020,10:26:57,127.99,127.99,128,100
02/03/2020,10:26:57,127.99,127.99,128,100
02/03/2020,10:27:00,127.98,127.98,127.99,100
02/03/2020,10:27:00,127.98,127.98,127.99,100
02/03/2020,10:27:00,127.98,127.98,127.99,100
02/03/2020,10:27:00,127.98,127.98,127.99,113
02/03/2020,10:27:00,127.98,127.98,127.99,100
02/03/2020,10:27:02,127.99,127.98,127.99,100
02/03/2020,10:27:02,127.99,127.98,127.99,100
02/03/2020,10:27:04,127.99,127.99,128,100
02/03/2020,10:27:05,127.9915,127.99,128,400
02/03/2020,10:27:08,127.98,127.97,127.98,100
02/03/2020,10:27:08,127.98,127.97,127.98,100
02/03/2020,10:27:09,127.97,127.97,127.98,200
02/03/2020,10:27:09,127.97,127.97,127.98,300
02/03/2020,10:27:09,127.97,127.97,127.98,100
02/03/2020,10:27:09,127.97,127.97,127.98,200
02/03/2020,10:27:09,127.97,127.97,127.98,100
02/03/2020,10:27:09,127.97,127.97,127.98,1100
02/03/2020,10:27:09,127.97,127.97,127.98,100
02/03/2020,10:27:09,127.97,127.97,127.98,100
02/03/2020,10:27:09,127.97,127.97,127.98,300
02/03/2020,10:27:09,127.97,127.97,127.98,100
02/03/2020,10:27:09,127.97,127.97,127.98,300
02/03/2020,10:27:09,127.97,127.97,127.98,300
02/03/2020,10:27:59,128.035,128.03,128.04,121
02/03/2020,10:28:18,128.0801,128.08,128.09,133
02/03/2020,10:28:27,128.08,128.07,128.08,100
02/03/2020,10:28:31,128.0801,128.08,128.09,192
02/03/2020,10:28:35,128.075,128.07,128.08,100
02/03/2020,10:28:35,128.07,128.07,128.08,700
02/03/2020,10:28:35,128.07,128.07,128.08,100
02/03/2020,10:28:35,128.07,128.07,128.08,200
02/03/2020,10:28:35,128.075,128.07,128.08,100
02/03/2020,10:28:35,128.07,128.07,128.08,100
02/03/2020,10:28:35,128.07,128.07,128.08,100
02/03/2020,10:28:35,128.07,128.07,128.08,100
02/03/2020,10:28:35,128.075,128.06,128.07,100
02/03/2020,10:28:35,128.06,128.05,128.06,100
02/03/2020,10:28:35,128.065,128.05,128.06,100
02/03/2020,10:28:37,128.08,128.07,128.08,100
02/03/2020,10:28:41,128.09,128.08,128.09,100
02/03/2020,10:28:44,128.085,128.08,128.09,2000
02/03/2020,10:28:44,128.085,128.08,128.09,108
02/03/2020,10:28:44,128.0867,128.08,128.09,1997
02/03/2020,10:28:44,128.085,128.08,128.09,314
02/03/2020,10:29:10,128.07,128.06,128.07,100
02/03/2020,10:29:22,128.085,128.08,128.09,4131
02/03/2020,10:29:22,128.085,128.08,128.09,100
02/03/2020,10:29:26,128.085,128.08,128.09,100
02/03/2020,10:30:04,128.08,128.07,128.08,100
02/03/2020,10:30:12,128.062,128.06,128.07,157
02/03/2020,10:30:23,128.03,128.02,128.03,100
02/03/2020,10:30:23,128.03,128.02,128.03,100
02/03/2020,10:30:23,128.03,128.02,128.03,100
02/03/2020,10:30:23,128.035,128.02,128.03,100
02/03/2020,10:30:25,128.03,128.02,128.03,100
02/03/2020,10:30:27,128.0274,128.02,128.03,254
02/03/2020,10:30:27,128.0298,128.02,128.03,254
02/03/2020,10:30:27,128.0275,128.02,128.03,100
02/03/2020,10:30:27,128.03,128.02,128.03,100
02/03/2020,10:31:09,128.05,128.04,128.05,470
02/03/2020,10:31:09,128.0468,128.04,128.05,470
02/03/2020,10:31:11,128.05,128.04,128.05,100
02/03/2020,10:32:07,128.05,128.04,128.05,100
02/03/2020,10:32:42,128.0491,128.04,128.05,3770
02/03/2020,10:33:10,128.07,128.06,128.07,100
02/03/2020,10:33:18,128.06,128.05,128.06,100
02/03/2020,10:33:42,128.02,128.02,128.03,100
02/03/2020,10:33:42,128.02,128.02,128.03,100
02/03/2020,10:33:54,128.01,128,128.01,300
02/03/2020,10:33:54,128.02,128,128.01,400
02/03/2020,10:33:54,128.01,128,128.01,400
02/03/2020,10:33:54,128.02,128,128.01,400
02/03/2020,10:33:54,128.02,128,128.01,100
02/03/2020,10:33:54,128.02,128,128.01,100
02/03/2020,10:33:54,128.01,128,128.01,600
02/03/2020,10:33:54,128.02,128,128.01,400
02/03/2020,10:33:54,128.02,128,128.01,400
02/03/2020,10:33:54,128.02,128,128.01,100
02/03/2020,10:33:54,128.02,128,128.01,200
02/03/2020,10:33:54,128.02,128,128.01,200
02/03/2020,10:33:54,128.02,128,128.01,100
02/03/2020,10:33:54,128.02,128,128.01,100
02/03/2020,10:33:54,128.02,128,128.01,300
02/03/2020,10:33:54,128.02,128.02,128.03,100
02/03/2020,10:33:55,128.03,128.02,128.03,100
02/03/2020,10:33:57,128.03,128.02,128.03,100
02/03/2020,10:33:59,128.025,128.02,128.03,100
02/03/2020,10:34:03,128.01,128,128.01,100
02/03/2020,10:34:03,128.01,128,128.01,100
02/03/2020,10:34:08,127.995,127.99,128,100
02/03/2020,10:34:08,127.9949,127.99,128,156
02/03/2020,10:34:08,127.99,127.98,127.99,100
02/03/2020,10:34:09,127.99,127.98,128,100
02/03/2020,10:34:14,128,127.99,128,400
02/03/2020,10:34:14,128,127.99,128,100
02/03/2020,10:34:14,128,127.99,128,100
02/03/2020,10:34:19,127.97,127.96,127.97,100
02/03/2020,10:34:19,127.96,127.96,127.97,100
02/03/2020,10:34:22,127.96,127.96,127.97,100
02/03/2020,10:34:26,127.95,127.94,127.95,100
02/03/2020,10:34:27,127.95,127.94,127.95,100
02/03/2020,10:34:27,127.95,127.95,127.96,100
02/03/2020,10:34:27,127.95,127.95,127.96,100
02/03/2020,10:34:27,127.95,127.95,127.96,225
02/03/2020,10:34:33,127.96,127.96,127.97,100
02/03/2020,10:34:33,127.9699,127.96,127.97,585
02/03/2020,10:34:37,127.97,127.97,127.98,100
02/03/2020,10:34:37,127.97,127.97,127.98,100
02/03/2020,10:34:46,127.97,127.96,127.97,100
02/03/2020,10:34:46,127.96,127.96,127.97,100
02/03/2020,10:34:46,127.96,127.96,127.97,200
02/03/2020,10:34:46,127.96,127.96,127.97,100
02/03/2020,10:34:46,127.96,127.96,127.97,100
02/03/2020,10:34:53,127.96,127.95,127.96,100
02/03/2020,10:34:56,127.95,127.94,127.95,100
02/03/2020,10:35:00,127.948,127.94,127.95,155
02/03/2020,10:35:01,127.95,127.95,127.96,100
02/03/2020,10:35:02,127.96,127.96,127.97,100
02/03/2020,10:35:12,127.95,127.95,127.96,100
02/03/2020,10:35:16,127.95,127.95,127.96,105
02/03/2020,10:35:16,127.95,127.95,127.96,120
02/03/2020,10:35:16,127.95,127.95,127.96,100
02/03/2020,10:35:25,127.95,127.95,127.96,100
02/03/2020,10:35:25,127.95,127.95,127.96,100
02/03/2020,10:35:40,127.93,127.93,127.94,100
02/03/2020,10:35:41,127.93,127.93,127.94,100
02/03/2020,10:35:43,127.948,127.94,127.95,585
02/03/2020,10:36:00,127.95,127.95,127.96,100
02/03/2020,10:36:01,127.95,127.94,127.95,100
02/03/2020,10:36:12,127.9507,127.95,127.96,100
02/03/2020,10:36:20,127.96,127.96,127.97,224
02/03/2020,10:36:20,127.9601,127.96,127.97,914
02/03/2020,10:36:37,127.96,127.95,127.96,100
02/03/2020,10:36:37,127.95,127.94,127.95,100
02/03/2020,10:36:41,127.93,127.93,127.94,300
02/03/2020,10:36:41,127.93,127.93,127.94,100
02/03/2020,10:36:41,127.93,127.93,127.94,200
02/03/2020,10:36:41,127.93,127.93,127.94,100
02/03/2020,10:36:41,127.93,127.93,127.94,300
02/03/2020,10:36:41,127.93,127.93,127.94,600
02/03/2020,10:36:41,127.93,127.93,127.94,100
02/03/2020,10:36:41,127.93,127.93,127.94,100
02/03/2020,10:36:41,127.93,127.93,127.94,100
02/03/2020,10:36:41,127.93,127.93,127.94,300
02/03/2020,10:36:41,127.93,127.93,127.94,100
02/03/2020,10:36:41,127.93,127.93,127.94,100
02/03/2020,10:36:41,127.93,127.93,127.94,400
02/03/2020,10:36:41,127.93,127.93,127.94,100
02/03/2020,10:37:11,127.93,127.93,127.94,100
02/03/2020,10:37:17,127.96,127.95,127.96,100
02/03/2020,10:37:17,127.96,127.95,127.96,100
02/03/2020,10:37:17,127.96,127.95,127.96,100
02/03/2020,10:37:20,127.95,127.94,127.95,100
02/03/2020,10:37:21,127.9401,127.94,127.95,311
02/03/2020,10:37:21,127.95,127.94,127.95,100
02/03/2020,10:37:21,127.95,127.94,127.95,100
02/03/2020,10:37:21,127.95,127.94,127.95,100
02/03/2020,10:37:24,127.96,127.95,127.96,100
02/03/2020,10:37:28,127.95,127.95,127.96,100
02/03/2020,10:37:32,127.94,127.94,127.95,174
02/03/2020,10:37:43,127.94,127.93,127.94,100
02/03/2020,10:37:51,127.94,127.94,127.95,100
02/03/2020,10:38:25,127.93,127.93,127.94,225
02/03/2020,10:38:26,127.93,127.93,127.94,100
02/03/2020,10:38:26,127.93,127.93,127.94,100
02/03/2020,10:38:26,127.93,127.93,127.94,100
02/03/2020,10:38:26,127.93,127.93,127.94,100
02/03/2020,10:38:26,127.93,127.93,127.94,100
02/03/2020,10:39:00,127.92,127.92,127.93,100
02/03/2020,10:39:00,127.92,127.92,127.93,100
02/03/2020,10:39:07,127.92,127.92,127.93,100
02/03/2020,10:39:08,127.925,127.92,127.93,100
02/03/2020,10:39:31,127.89,127.88,127.9,100
02/03/2020,10:39:31,127.89,127.88,127.9,100
02/03/2020,10:39:36,127.8927,127.89,127.9,1000
02/03/2020,10:40:02,127.89,127.89,127.9,100
02/03/2020,10:40:10,127.883,127.88,127.89,294
02/03/2020,10:40:12,127.88,127.88,127.89,100
02/03/2020,10:40:14,127.885,127.88,127.89,100
02/03/2020,10:40:17,127.8707,127.87,127.88,400
02/03/2020,10:40:20,127.88,127.88,127.89,160
02/03/2020,10:40:30,127.9043,127.9,127.91,107
02/03/2020,10:40:41,127.895,127.89,127.9,123
02/03/2020,10:40:46,127.87,127.86,127.87,800
02/03/2020,10:40:46,127.87,127.86,127.87,300
02/03/2020,10:40:46,127.87,127.86,127.87,400
02/03/2020,10:40:46,127.87,127.87,127.88,100
02/03/2020,10:40:46,127.87,127.87,127.88,100
02/03/2020,10:40:54,127.87,127.87,127.88,100
02/03/2020,10:40:54,127.87,127.87,127.88,100
02/03/2020,10:41:15,127.89,127.88,127.89,100
02/03/2020,10:41:25,127.885,127.88,127.89,100
02/03/2020,10:41:26,127.88,127.88,127.89,100
02/03/2020,10:41:27,127.88,127.88,127.89,100
02/03/2020,10:41:28,127.87,127.86,127.87,100
02/03/2020,10:41:28,127.865,127.86,127.87,100
02/03/2020,10:41:29,127.86,127.85,127.86,100
02/03/2020,10:41:29,127.86,127.85,127.86,100
02/03/2020,10:41:37,127.86,127.86,127.87,100
02/03/2020,10:41:40,127.855,127.85,127.86,640
02/03/2020,10:42:05,127.84,127.83,127.84,400
02/03/2020,10:42:05,127.84,127.83,127.84,120
02/03/2020,10:42:05,127.84,127.83,127.84,100
02/03/2020,10:42:05,127.84,127.83,127.84,100
02/03/2020,10:42:05,127.84,127.83,127.84,100
02/03/2020,10:42:05,127.84,127.83,127.84,300
02/03/2020,10:42:05,127.84,127.83,127.84,100
02/03/2020,10:42:07,127.845,127.84,127.85,142
02/03/2020,10:42:08,127.8401,127.84,127.85,335
02/03/2020,10:42:09,127.84,127.84,127.85,100
02/03/2020,10:42:32,127.8207,127.82,127.83,300
02/03/2020,10:42:43,127.82,127.81,127.82,100
02/03/2020,10:42:43,127.82,127.81,127.82,107
02/03/2020,10:42:43,127.82,127.81,127.82,100
02/03/2020,10:42:43,127.82,127.81,127.82,113
02/03/2020,10:42:57,127.81,127.8,127.81,100
02/03/2020,10:42:57,127.81,127.8,127.81,109
02/03/2020,10:43:03,127.82,127.82,127.82,168
02/03/2020,10:43:16,127.825,127.82,127.83,300
02/03/2020,10:43:32,127.83,127.83,127.84,681
02/03/2020,10:43:35,127.84,127.83,127.84,100
02/03/2020,10:43:46,127.83,127.82,127.83,100
02/03/2020,10:44:10,127.82,127.82,127.83,100
02/03/2020,10:44:10,127.82,127.82,127.83,100
02/03/2020,10:44:11,127.81,127.81,127.82,100
02/03/2020,10:44:18,127.82,127.82,127.83,200
02/03/2020,10:44:30,127.8001,127.8,127.81,205
02/03/2020,10:44:32,127.805,127.8,127.81,100
02/03/2020,10:44:35,127.8,127.79,127.8,109
02/03/2020,10:44:57,127.82,127.81,127.82,100
02/03/2020,10:45:02,127.8201,127.82,127.83,454
02/03/2020,10:45:05,127.81,127.81,127.82,879
02/03/2020,10:45:16,127.82,127.81,127.82,100
02/03/2020,10:45:16,127.82,127.81,127.82,100
02/03/2020,10:45:42,127.8,127.8,127.81,100
02/03/2020,10:45:43,127.7939,127.79,127.8,219
02/03/2020,10:46:18,127.735,127.74,127.75,100
02/03/2020,10:46:18,127.74,127.74,127.75,100
02/03/2020,10:46:18,127.74,127.74,127.75,100
02/03/2020,10:46:19,127.74,127.74,127.75,100
02/03/2020,10:46:19,127.74,127.74,127.75,100
02/03/2020,10:46:19,127.74,127.74,127.75,100
02/03/2020,10:46:32,127.7,127.7,127.71,700
02/03/2020,10:46:32,127.7,127.7,127.71,800
02/03/2020,10:46:32,127.7,127.7,127.71,100
02/03/2020,10:46:40,127.7,127.7,127.71,120
02/03/2020,10:46:52,127.7,127.69,127.7,101
02/03/2020,10:46:52,127.7,127.69,127.7,113
02/03/2020,10:46:52,127.69,127.68,127.69,100
02/03/2020,10:46:52,127.69,127.68,127.69,100
02/03/2020,10:47:18,127.665,127.66,127.67,100
02/03/2020,10:47:18,127.6607,127.66,127.67,200
02/03/2020,10:47:40,127.6626,127.65,127.66,175
02/03/2020,10:47:47,127.65,127.64,127.66,100
02/03/2020,10:47:48,127.65,127.65,127.66,100
02/03/2020,10:48:08,127.64,127.64,127.65,200
02/03/2020,10:48:08,127.64,127.64,127.65,100
02/03/2020,10:48:13,127.65,127.64,127.65,100
02/03/2020,10:48:17,127.64,127.64,127.65,100
02/03/2020,10:48:17,127.64,127.64,127.65,100
02/03/2020,10:48:19,127.65,127.65,127.66,100
02/03/2020,10:48:47,127.632,127.63,127.64,500
02/03/2020,10:48:55,127.63,127.62,127.63,100
02/03/2020,10:48:55,127.63,127.62,127.63,100
02/03/2020,10:48:55,127.63,127.62,127.63,100
02/03/2020,10:48:55,127.63,127.62,127.63,211
02/03/2020,10:48:55,127.63,127.62,127.63,101
02/03/2020,10:49:03,127.63,127.63,127.64,165
02/03/2020,10:49:03,127.63,127.63,127.64,100
02/03/2020,10:49:26,127.62,127.61,127.62,100
02/03/2020,10:49:42,127.595,127.59,127.6,100
02/03/2020,10:49:51,127.59,127.59,127.6,212
02/03/2020,10:49:51,127.59,127.59,127.6,200
02/03/2020,10:49:59,127.59,127.58,127.6,100
02/03/2020,10:49:59,127.59,127.58,127.6,100
02/03/2020,10:50:00,127.58,127.58,127.59,300
02/03/2020,10:50:04,127.59,127.58,127.59,100
02/03/2020,10:50:10,127.579,127.57,127.58,100
02/03/2020,10:50:10,127.58,127.58,127.59,100
02/03/2020,10:50:10,127.5732,127.58,127.59,100
02/03/2020,10:50:10,127.5832,127.58,127.59,356
02/03/2020,10:50:34,127.59,127.58,127.59,100
02/03/2020,10:50:34,127.59,127.59,127.6,100
02/03/2020,10:50:37,127.6,127.59,127.6,100
02/03/2020,10:50:37,127.6,127.59,127.6,100
02/03/2020,10:50:37,127.6042,127.59,127.6,100
02/03/2020,10:50:37,127.6,127.59,127.6,244
02/03/2020,10:50:49,127.61,127.61,127.62,100
02/03/2020,10:50:52,127.6039,127.6,127.61,184
02/03/2020,10:51:16,127.64,127.64,127.65,100
02/03/2020,10:51:24,127.645,127.65,127.66,100
02/03/2020,10:51:24,127.65,127.65,127.66,161
02/03/2020,10:51:25,127.6507,127.65,127.66,100
02/03/2020,10:51:33,127.625,127.62,127.63,100
02/03/2020,10:51:34,127.62,127.62,127.62,300
02/03/2020,10:51:34,127.62,127.62,127.62,800
02/03/2020,10:51:34,127.62,127.62,127.62,100
02/03/2020,10:51:34,127.62,127.62,127.62,100
02/03/2020,10:51:34,127.62,127.62,127.62,100
02/03/2020,10:51:34,127.62,127.62,127.62,400
02/03/2020,10:51:34,127.62,127.62,127.62,100
02/03/2020,10:51:34,127.62,127.62,127.62,100
02/03/2020,10:51:34,127.62,127.62,127.62,100
02/03/2020,10:51:34,127.62,127.62,127.62,400
02/03/2020,10:51:34,127.62,127.62,127.62,800
02/03/2020,10:51:34,127.62,127.62,127.62,400
02/03/2020,10:51:34,127.62,127.62,127.62,100
02/03/2020,10:51:34,127.62,127.62,127.62,200
02/03/2020,10:51:34,127.62,127.62,127.63,100
02/03/2020,10:51:34,127.62,127.62,127.63,1000
02/03/2020,10:51:34,127.62,127.62,127.63,100
02/03/2020,10:51:34,127.62,127.62,127.63,100
02/03/2020,10:51:34,127.62,127.62,127.63,100
02/03/2020,10:51:34,127.62,127.62,127.63,100
02/03/2020,10:51:34,127.62,127.62,127.63,600
02/03/2020,10:51:34,127.62,127.62,127.63,100
02/03/2020,10:51:34,127.62,127.62,127.63,100
02/03/2020,10:51:34,127.62,127.62,127.63,100
02/03/2020,10:51:49,127.6,127.6,127.61,300
02/03/2020,10:52:06,127.62,127.61,127.62,100
02/03/2020,10:52:06,127.62,127.61,127.62,100
02/03/2020,10:52:17,127.6307,127.63,127.64,300
02/03/2020,10:52:34,127.6398,127.63,127.64,231
02/03/2020,10:52:41,127.63,127.62,127.63,100
02/03/2020,10:52:53,127.65,127.64,127.65,100
02/03/2020,10:52:54,127.65,127.65,127.66,100
02/03/2020,10:52:54,127.65,127.65,127.66,100
02/03/2020,10:52:54,127.65,127.65,127.66,100
02/03/2020,10:53:18,127.6407,127.64,127.65,400
02/03/2020,10:53:23,127.65,127.64,127.65,100
02/03/2020,10:53:23,127.65,127.64,127.65,400
02/03/2020,10:53:25,127.66,127.65,127.66,100
02/03/2020,10:53:30,127.65,127.65,127.66,100
02/03/2020,10:53:30,127.65,127.65,127.66,100
02/03/2020,10:53:30,127.65,127.65,127.66,200
02/03/2020,10:53:30,127.65,127.65,127.66,100
02/03/2020,10:53:30,127.65,127.65,127.66,100
02/03/2020,10:53:30,127.65,127.65,127.66,100
02/03/2020,10:53:30,127.65,127.65,127.66,100
02/03/2020,10:53:30,127.65,127.65,127.66,100
02/03/2020,10:53:30,127.65,127.65,127.66,100
02/03/2020,10:53:30,127.65,127.65,127.66,100
02/03/2020,10:53:30,127.65,127.65,127.66,100
02/03/2020,10:53:30,127.65,127.65,127.66,100
02/03/2020,10:53:30,127.65,127.65,127.66,100
02/03/2020,10:53:30,127.65,127.65,127.66,100
02/03/2020,10:53:30,127.65,127.65,127.66,100
02/03/2020,10:53:30,127.64,127.65,127.66,481
02/03/2020,10:53:38,127.655,127.65,127.66,132
02/03/2020,10:53:43,127.6399,127.63,127.65,110
02/03/2020,10:53:46,127.635,127.63,127.64,100
02/03/2020,10:54:21,127.63,127.62,127.63,100
02/03/2020,10:54:21,127.625,127.62,127.63,100
02/03/2020,10:54:25,127.62,127.62,127.63,112
02/03/2020,10:54:30,127.61,127.61,127.62,100
02/03/2020,10:54:32,127.6,127.59,127.6,100
02/03/2020,10:54:35,127.6,127.6,127.61,100
02/03/2020,10:54:36,127.59,127.59,127.6,100
02/03/2020,10:54:36,127.59,127.58,127.59,100
02/03/2020,10:54:39,127.6,127.6,127.61,400
02/03/2020,10:54:39,127.6,127.6,127.61,700
02/03/2020,10:54:39,127.6,127.6,127.61,100
02/03/2020,10:54:39,127.6,127.6,127.61,400
02/03/2020,10:54:39,127.6,127.6,127.61,200
02/03/2020,10:54:39,127.6,127.6,127.61,100
02/03/2020,10:54:39,127.6,127.6,127.61,100
02/03/2020,10:54:39,127.6,127.6,127.61,100
02/03/2020,10:54:39,127.6,127.6,127.61,100
02/03/2020,10:54:39,127.6,127.6,127.61,100
02/03/2020,10:54:39,127.6,127.6,127.61,300
02/03/2020,10:54:40,127.61,127.61,127.62,100
02/03/2020,10:54:41,127.63,127.62,127.63,400
02/03/2020,10:54:43,127.64,127.63,127.64,100
02/03/2020,10:54:43,127.64,127.63,127.64,300
02/03/2020,10:54:43,127.64,127.63,127.64,300
02/03/2020,10:54:43,127.64,127.63,127.64,100
02/03/2020,10:54:44,127.63,127.62,127.63,100
02/03/2020,10:54:47,127.63,127.62,127.63,200
02/03/2020,10:54:47,127.6271,127.62,127.63,2100
02/03/2020,10:54:47,127.6271,127.62,127.63,734
02/03/2020,10:54:56,127.6366,127.63,127.64,109
02/03/2020,10:55:01,127.66,127.66,127.67,100
02/03/2020,10:55:01,127.66,127.66,127.67,100
02/03/2020,10:55:01,127.66,127.65,127.66,100
02/03/2020,10:55:02,127.65,127.64,127.65,100
02/03/2020,10:55:10,127.64,127.64,127.65,100
02/03/2020,10:55:10,127.64,127.64,127.65,100
02/03/2020,10:55:16,127.66,127.66,127.67,100
02/03/2020,10:55:16,127.66,127.66,127.67,100
02/03/2020,10:55:17,127.66,127.65,127.66,100
02/03/2020,10:55:17,127.66,127.65,127.66,100
02/03/2020,10:55:19,127.665,127.66,127.67,100
02/03/2020,10:55:19,127.67,127.66,127.67,100
02/03/2020,10:55:19,127.67,127.66,127.67,300
02/03/2020,10:55:24,127.67,127.67,127.68,200
02/03/2020,10:55:28,127.67,127.66,127.67,100
02/03/2020,10:55:51,127.6804,127.68,127.69,750
02/03/2020,10:55:58,127.665,127.66,127.67,100
02/03/2020,10:56:20,127.645,127.65,127.66,100
02/03/2020,10:56:20,127.65,127.65,127.66,100
02/03/2020,10:56:24,127.66,127.66,127.67,100
02/03/2020,10:56:24,127.66,127.66,127.67,100
02/03/2020,10:56:25,127.6699,127.66,127.67,444
02/03/2020,10:56:26,127.6666,127.66,127.67,750
02/03/2020,10:56:31,127.67,127.66,127.67,100
02/03/2020,10:56:31,127.67,127.66,127.67,200
02/03/2020,10:56:31,127.67,127.66,127.67,300
02/03/2020,10:56:31,127.67,127.66,127.67,100
02/03/2020,10:56:31,127.67,127.66,127.67,300
02/03/2020,10:56:57,127.6633,127.66,127.67,200
02/03/2020,10:56:57,127.6634,127.66,127.67,2100
02/03/2020,10:57:19,127.6338,127.63,127.64,405
02/03/2020,10:57:23,127.65,127.65,127.66,200
02/03/2020,10:57:24,127.6552,127.65,127.66,136
02/03/2020,10:57:28,127.66,127.66,127.67,100
02/03/2020,10:57:37,127.675,127.67,127.68,200
02/03/2020,10:57:46,127.68,127.68,127.69,200
02/03/2020,10:57:46,127.68,127.68,127.69,100
02/03/2020,10:57:46,127.68,127.68,127.69,100
02/03/2020,10:57:46,127.68,127.68,127.69,100
02/03/2020,10:57:46,127.68,127.68,127.69,100
02/03/2020,10:58:31,127.665,127.67,127.68,100
02/03/2020,10:58:31,127.67,127.67,127.68,100
02/03/2020,10:58:31,127.67,127.67,127.68,100
02/03/2020,10:58:37,127.665,127.66,127.67,100
02/03/2020,10:58:46,127.67,127.67,127.68,100
02/03/2020,10:58:50,127.69,127.69,127.7,200
02/03/2020,10:59:03,127.6698,127.66,127.67,109
02/03/2020,10:59:58,127.6666,127.66,127.67,236
02/03/2020,11:00:00,127.665,127.67,127.68,100
02/03/2020,11:00:00,127.67,127.67,127.68,165
02/03/2020,11:00:00,127.675,127.67,127.68,100
02/03/2020,11:00:00,127.68,127.68,127.69,100
02/03/2020,11:00:06,127.66,127.66,127.67,100
02/03/2020,11:00:23,127.71,127.71,127.72,200
02/03/2020,11:00:24,127.7107,127.71,127.72,100
02/03/2020,11:00:27,127.71,127.7,127.71,100
02/03/2020,11:00:27,127.71,127.7,127.71,100
02/03/2020,11:00:53,127.73,127.73,127.74,100
02/03/2020,11:00:53,127.73,127.73,127.74,100
02/03/2020,11:00:53,127.73,127.73,127.74,100
02/03/2020,11:00:53,127.73,127.73,127.74,100
02/03/2020,11:01:04,127.72,127.72,127.73,100
02/03/2020,11:01:20,127.7,127.7,127.71,225
02/03/2020,11:01:30,127.715,127.71,127.72,186
02/03/2020,11:02:34,127.69,127.69,127.7,100
02/03/2020,11:02:42,127.7,127.7,127.71,100
02/03/2020,11:02:42,127.7,127.7,127.71,100
02/03/2020,11:02:42,127.71,127.71,127.72,100
02/03/2020,11:02:46,127.71,127.7,127.71,100
02/03/2020,11:02:46,127.71,127.7,127.71,100
02/03/2020,11:02:46,127.71,127.7,127.71,100
02/03/2020,11:03:00,127.68,127.67,127.68,100
02/03/2020,11:03:22,127.68,127.68,127.69,200
02/03/2020,11:03:22,127.675,127.68,127.69,100
02/03/2020,11:03:22,127.675,127.68,127.69,100
02/03/2020,11:03:33,127.69,127.68,127.69,100
02/03/2020,11:03:39,127.68,127.67,127.68,100
02/03/2020,11:03:39,127.67,127.66,127.67,400
02/03/2020,11:03:55,127.63,127.62,127.63,100
02/03/2020,11:04:11,127.63,127.63,127.64,162
02/03/2020,11:04:11,127.63,127.63,127.64,124
02/03/2020,11:04:30,127.64,127.64,127.65,100
02/03/2020,11:04:30,127.64,127.64,127.65,100
02/03/2020,11:04:30,127.635,127.64,127.65,100
02/03/2020,11:04:32,127.65,127.65,127.66,100
02/03/2020,11:04:50,127.67,127.66,127.67,100
02/03/2020,11:05:08,127.69,127.69,127.7,100
02/03/2020,11:05:08,127.69,127.69,127.7,100
02/03/2020,11:05:08,127.69,127.69,127.7,100
02/03/2020,11:05:16,127.69,127.69,127.69,300
02/03/2020,11:05:16,127.69,127.69,127.69,400
02/03/2020,11:05:16,127.69,127.69,127.69,100
02/03/2020,11:05:16,127.69,127.69,127.69,100
02/03/2020,11:05:16,127.69,127.69,127.69,100
02/03/2020,11:05:16,127.69,127.69,127.69,100
02/03/2020,11:06:00,127.63,127.62,127.63,100
02/03/2020,11:06:00,127.63,127.62,127.63,600
02/03/2020,11:06:00,127.63,127.62,127.63,200
02/03/2020,11:06:41,127.64,127.63,127.64,100
02/03/2020,11:06:41,127.64,127.63,127.64,100
02/03/2020,11:06:41,127.64,127.63,127.64,100
02/03/2020,11:06:53,127.64,127.63,127.64,100
02/03/2020,11:07:09,127.6658,127.66,127.67,400
02/03/2020,11:07:09,127.67,127.66,127.67,200
02/03/2020,11:07:09,127.67,127.66,127.67,300
02/03/2020,11:07:16,127.685,127.68,127.69,100
02/03/2020,11:07:16,127.6807,127.68,127.69,300
02/03/2020,11:07:23,127.69,127.69,127.7,100
02/03/2020,11:07:25,127.6967,127.69,127.7,2266
02/03/2020,11:07:39,127.7,127.69,127.7,100
02/03/2020,11:07:39,127.7,127.69,127.7,143
02/03/2020,11:07:55,127.6966,127.69,127.7,145
02/03/2020,11:08:23,127.72,127.71,127.72,100
02/03/2020,11:08:23,127.72,127.71,127.72,100
02/03/2020,11:08:23,127.72,127.71,127.72,200
02/03/2020,11:08:23,127.72,127.71,127.72,100
02/03/2020,11:08:23,127.725,127.72,127.73,100
02/03/2020,11:08:38,127.71,127.7,127.71,100
02/03/2020,11:08:55,127.72,127.72,127.73,200
02/03/2020,11:08:55,127.72,127.72,127.73,100
02/03/2020,11:08:55,127.72,127.72,127.73,100
02/03/2020,11:08:55,127.72,127.72,127.73,100
02/03/2020,11:09:01,127.73,127.73,127.74,100
02/03/2020,11:09:15,127.74,127.73,127.74,100
02/03/2020,11:09:15,127.74,127.73,127.74,100
02/03/2020,11:09:19,127.74,127.73,127.74,239
02/03/2020,11:09:30,127.73,127.73,127.74,225
02/03/2020,11:09:59,127.71,127.7,127.71,100
02/03/2020,11:10:01,127.71,127.71,127.72,100
02/03/2020,11:10:02,127.72,127.71,127.72,106
02/03/2020,11:10:07,127.7249,127.72,127.73,102
02/03/2020,11:10:10,127.72,127.71,127.72,100
02/03/2020,11:10:23,127.69,127.68,127.69,294
02/03/2020,11:10:23,127.69,127.68,127.69,200
02/03/2020,11:10:23,127.69,127.69,127.7,100
02/03/2020,11:10:43,127.72,127.72,127.73,225
02/03/2020,11:10:44,127.7249,127.72,127.73,307
02/03/2020,11:10:44,127.7249,127.72,127.73,103
02/03/2020,11:10:44,127.7249,127.72,127.73,112
02/03/2020,11:10:44,127.7249,127.72,127.73,103
02/03/2020,11:10:44,127.7249,127.72,127.73,116
02/03/2020,11:10:44,127.725,127.72,127.73,108
02/03/2020,11:10:44,127.7249,127.72,127.73,332
02/03/2020,11:10:45,127.7249,127.72,127.73,172
02/03/2020,11:10:50,127.71,127.7,127.71,100
02/03/2020,11:10:50,127.71,127.7,127.71,100
02/03/2020,11:11:26,127.66,127.66,127.67,100
02/03/2020,11:11:30,127.67,127.67,127.68,200
02/03/2020,11:11:30,127.67,127.67,127.68,100
02/03/2020,11:11:30,127.67,127.67,127.68,125
02/03/2020,11:11:30,127.67,127.67,127.68,100
02/03/2020,11:11:43,127.66,127.65,127.66,100
02/03/2020,11:11:43,127.66,127.66,127.67,112
02/03/2020,11:11:54,127.67,127.66,127.67,100
02/03/2020,11:12:01,127.67,127.67,127.68,100
02/03/2020,11:12:22,127.6343,127.63,127.64,180
02/03/2020,11:12:29,127.62,127.62,127.63,100
02/03/2020,11:12:29,127.62,127.62,127.63,100
02/03/2020,11:12:29,127.62,127.62,127.63,100
02/03/2020,11:12:29,127.62,127.62,127.63,100
02/03/2020,11:12:29,127.62,127.62,127.63,100
02/03/2020,11:12:29,127.62,127.62,127.63,100
02/03/2020,11:12:29,127.62,127.62,127.63,100
02/03/2020,11:12:29,127.62,127.62,127.63,100
02/03/2020,11:12:29,127.62,127.62,127.63,100
02/03/2020,11:12:29,127.62,127.62,127.63,200
02/03/2020,11:12:29,127.62,127.62,127.63,100
02/03/2020,11:12:29,127.62,127.62,127.63,100
02/03/2020,11:12:29,127.62,127.62,127.63,100
02/03/2020,11:12:29,127.62,127.62,127.63,100
02/03/2020,11:12:29,127.62,127.62,127.63,200
02/03/2020,11:12:30,127.62,127.61,127.62,100
02/03/2020,11:12:34,127.63,127.62,127.63,100
02/03/2020,11:12:37,127.63,127.63,127.64,225
02/03/2020,11:13:22,127.62,127.62,127.63,100
02/03/2020,11:13:23,127.6175,127.61,127.62,1013
02/03/2020,11:13:40,127.56,127.55,127.57,100
02/03/2020,11:13:46,127.56,127.56,127.57,100
02/03/2020,11:13:46,127.56,127.56,127.57,100
02/03/2020,11:14:09,127.5223,127.52,127.53,129
02/03/2020,11:14:26,127.52,127.51,127.52,100
02/03/2020,11:14:29,127.5107,127.51,127.52,200
02/03/2020,11:14:30,127.515,127.52,127.53,100
02/03/2020,11:14:30,127.52,127.52,127.53,100
02/03/2020,11:14:30,127.515,127.52,127.53,100
02/03/2020,11:14:30,127.52,127.52,127.53,100
02/03/2020,11:14:30,127.52,127.52,127.53,225
02/03/2020,11:14:36,127.51,127.5,127.51,100
02/03/2020,11:14:41,127.52,127.51,127.53,100
02/03/2020,11:14:41,127.52,127.51,127.53,100
02/03/2020,11:14:43,127.52,127.51,127.52,100
02/03/2020,11:14:52,127.53,127.53,127.54,100
02/03/2020,11:14:52,127.53,127.53,127.54,100
02/03/2020,11:14:53,127.54,127.53,127.55,100
02/03/2020,11:15:07,127.53,127.52,127.53,100
02/03/2020,11:15:26,127.55,127.55,127.56,100
02/03/2020,11:15:26,127.55,127.55,127.56,225
02/03/2020,11:16:17,127.49,127.48,127.49,637
02/03/2020,11:16:19,127.4849,127.48,127.49,600
02/03/2020,11:16:19,127.4849,127.48,127.49,464
02/03/2020,11:16:23,127.481,127.48,127.49,300
02/03/2020,11:16:23,127.4849,127.48,127.49,700
02/03/2020,11:16:24,127.49,127.49,127.5,225
02/03/2020,11:16:24,127.49,127.49,127.5,100
02/03/2020,11:16:25,127.4987,127.49,127.5,252
02/03/2020,11:16:29,127.5,127.49,127.5,100
02/03/2020,11:16:29,127.5,127.49,127.5,100
02/03/2020,11:16:30,127.4949,127.49,127.5,400
02/03/2020,11:16:35,127.49,127.49,127.5,100
02/03/2020,11:16:43,127.491,127.48,127.49,100
02/03/2020,11:16:43,127.49,127.48,127.49,100
02/03/2020,11:16:43,127.49,127.48,127.49,375
02/03/2020,11:16:52,127.49,127.49,127.5,135
02/03/2020,11:17:00,127.48,127.47,127.48,100
02/03/2020,11:17:02,127.4799,127.47,127.48,444
02/03/2020,11:17:07,127.47,127.46,127.47,100
02/03/2020,11:17:07,127.47,127.46,127.47,100
02/03/2020,11:17:21,127.49,127.49,127.5,225
02/03/2020,11:17:22,127.5,127.5,127.51,100
02/03/2020,11:17:30,127.47,127.47,127.48,100
02/03/2020,11:17:44,127.46,127.46,127.47,100
02/03/2020,11:18:30,127.4099,127.4,127.41,258
02/03/2020,11:19:00,127.38,127.38,127.39,100
02/03/2020,11:19:10,127.395,127.4,127.41,100
02/03/2020,11:19:10,127.4,127.4,127.41,195
02/03/2020,11:19:12,127.4,127.4,127.41,100
02/03/2020,11:19:16,127.405,127.41,127.42,100
02/03/2020,11:19:16,127.41,127.41,127.42,100
02/03/2020,11:19:16,127.42,127.41,127.42,400
02/03/2020,11:19:19,127.4221,127.42,127.43,267
02/03/2020,11:19:22,127.43,127.41,127.43,400
02/03/2020,11:19:24,127.41,127.41,127.42,100
02/03/2020,11:19:24,127.42,127.41,127.42,400
02/03/2020,11:19:24,127.42,127.41,127.42,100
02/03/2020,11:19:25,127.4,127.4,127.41,100
02/03/2020,11:19:30,127.4,127.39,127.4,100
02/03/2020,11:19:30,127.4,127.39,127.4,100
02/03/2020,11:19:32,127.41,127.41,127.42,100
02/03/2020,11:19:32,127.42,127.41,127.42,200
02/03/2020,11:19:32,127.42,127.41,127.42,100
02/03/2020,11:19:32,127.42,127.41,127.42,100
02/03/2020,11:19:32,127.42,127.41,127.42,100
02/03/2020,11:19:33,127.42,127.41,127.42,100
02/03/2020,11:19:33,127.42,127.42,127.43,100
02/03/2020,11:19:34,127.43,127.42,127.43,100
02/03/2020,11:19:34,127.43,127.42,127.43,200
02/03/2020,11:19:34,127.44,127.43,127.44,180
02/03/2020,11:19:35,127.44,127.43,127.44,100
02/03/2020,11:19:35,127.44,127.43,127.44,300
02/03/2020,11:19:35,127.44,127.43,127.44,400
02/03/2020,11:19:40,127.43,127.42,127.43,100
02/03/2020,11:19:40,127.43,127.42,127.43,100
02/03/2020,11:19:43,127.435,127.43,127.44,409
02/03/2020,11:19:44,127.44,127.44,127.45,773
02/03/2020,11:19:44,127.445,127.44,127.45,1297
02/03/2020,11:19:50,127.45,127.44,127.45,100
02/03/2020,11:19:52,127.45,127.44,127.45,100
02/03/2020,11:19:52,127.45,127.44,127.45,100
02/03/2020,11:20:00,127.45,127.44,127.45,100
02/03/2020,11:20:10,127.48,127.47,127.48,100
02/03/2020,11:20:13,127.48,127.47,127.48,100
02/03/2020,11:20:19,127.47,127.47,127.48,100
02/03/2020,11:20:20,127.46,127.45,127.46,100
02/03/2020,11:20:34,127.43,127.43,127.44,100
02/03/2020,11:21:06,127.47,127.47,127.48,300
02/03/2020,11:21:06,127.475,127.47,127.48,205
02/03/2020,11:21:06,127.48,127.47,127.48,100
02/03/2020,11:21:07,127.47,127.46,127.47,100
02/03/2020,11:21:08,127.465,127.46,127.47,100
02/03/2020,11:21:11,127.46,127.46,127.47,100
02/03/2020,11:21:11,127.46,127.46,127.47,100
02/03/2020,11:21:11,127.46,127.46,127.47,100
02/03/2020,11:21:12,127.45,127.45,127.46,100
02/03/2020,11:21:12,127.4544,127.45,127.46,100
02/03/2020,11:21:16,127.45,127.44,127.45,100
02/03/2020,11:21:31,127.46,127.45,127.46,100
02/03/2020,11:21:48,127.44,127.44,127.45,100
02/03/2020,11:21:48,127.44,127.44,127.45,100
02/03/2020,11:21:48,127.4431,127.44,127.45,100
02/03/2020,11:21:53,127.45,127.45,127.46,168
02/03/2020,11:21:53,127.46,127.45,127.46,800
02/03/2020,11:21:53,127.46,127.45,127.46,400
02/03/2020,11:21:53,127.46,127.45,127.46,236
02/03/2020,11:21:53,127.46,127.45,127.46,1300
02/03/2020,11:21:53,127.46,127.45,127.46,100
02/03/2020,11:21:53,127.45,127.45,127.46,800
02/03/2020,11:21:53,127.45,127.45,127.46,800
02/03/2020,11:21:53,127.45,127.45,127.46,100
02/03/2020,11:21:53,127.45,127.45,127.46,100
02/03/2020,11:21:53,127.45,127.45,127.46,200
02/03/2020,11:21:53,127.45,127.45,127.46,100
02/03/2020,11:21:53,127.45,127.45,127.46,200
02/03/2020,11:21:53,127.45,127.45,127.46,100
02/03/2020,11:21:53,127.45,127.45,127.46,100
02/03/2020,11:21:53,127.45,127.45,127.46,100
02/03/2020,11:21:53,127.45,127.45,127.46,100
02/03/2020,11:21:53,127.45,127.45,127.46,100
02/03/2020,11:21:53,127.45,127.45,127.46,100
02/03/2020,11:21:53,127.46,127.45,127.46,100
02/03/2020,11:21:53,127.45,127.45,127.46,100
02/03/2020,11:21:53,127.45,127.45,127.46,100
02/03/2020,11:21:53,127.45,127.45,127.46,100
02/03/2020,11:21:53,127.45,127.45,127.46,100
02/03/2020,11:21:57,127.47,127.45,127.46,100
02/03/2020,11:21:57,127.46,127.46,127.47,100
02/03/2020,11:21:59,127.47,127.46,127.47,100
02/03/2020,11:22:02,127.47,127.47,127.48,100
02/03/2020,11:22:28,127.45,127.45,127.46,140
02/03/2020,11:23:02,127.41,127.4,127.41,100
02/03/2020,11:23:24,127.4,127.4,127.41,200
02/03/2020,11:23:32,127.4151,127.41,127.42,253
02/03/2020,11:23:51,127.4,127.4,127.41,100
02/03/2020,11:23:51,127.4,127.4,127.41,162
02/03/2020,11:24:09,127.42,127.41,127.42,100
02/03/2020,11:24:12,127.4272,127.42,127.43,179
02/03/2020,11:24:12,127.422,127.42,127.43,200
02/03/2020,11:24:26,127.43,127.43,127.44,100
02/03/2020,11:24:26,127.43,127.43,127.44,100
02/03/2020,11:24:28,127.44,127.44,127.45,100
02/03/2020,11:24:57,127.46,127.45,127.46,100
02/03/2020,11:24:57,127.46,127.45,127.46,100
02/03/2020,11:25:25,127.44,127.44,127.45,200
02/03/2020,11:25:26,127.45,127.45,127.46,100
02/03/2020,11:25:50,127.46,127.46,127.47,645
02/03/2020,11:25:50,127.47,127.46,127.47,100
02/03/2020,11:26:00,127.4599,127.45,127.46,308
02/03/2020,11:26:23,127.44,127.43,127.44,100
02/03/2020,11:26:23,127.44,127.43,127.44,100
02/03/2020,11:26:23,127.44,127.43,127.44,100
02/03/2020,11:26:23,127.44,127.43,127.44,100
02/03/2020,11:26:23,127.44,127.43,127.44,100
02/03/2020,11:26:23,127.44,127.43,127.44,100
02/03/2020,11:26:23,127.44,127.43,127.44,100
02/03/2020,11:26:35,127.425,127.42,127.43,450
02/03/2020,11:26:35,127.43,127.43,127.44,163
02/03/2020,11:26:54,127.43,127.43,127.44,100
02/03/2020,11:27:20,127.41,127.41,127.42,100
02/03/2020,11:27:20,127.41,127.41,127.42,100
02/03/2020,11:27:49,127.39,127.39,127.4,600
02/03/2020,11:27:49,127.3927,127.39,127.4,600
02/03/2020,11:27:51,127.38,127.38,127.39,100
02/03/2020,11:27:58,127.385,127.39,127.4,100
02/03/2020,11:27:58,127.385,127.39,127.4,100
02/03/2020,11:27:58,127.39,127.39,127.4,200
02/03/2020,11:27:58,127.385,127.39,127.4,100
02/03/2020,11:28:00,127.38,127.38,127.39,100
02/03/2020,11:28:00,127.38,127.37,127.38,100
02/03/2020,11:28:00,127.37,127.37,127.38,100
02/03/2020,11:28:00,127.37,127.37,127.38,693
02/03/2020,11:28:02,127.36,127.35,127.36,100
02/03/2020,11:28:02,127.36,127.35,127.36,100
02/03/2020,11:28:03,127.36,127.36,127.37,100
02/03/2020,11:28:12,127.37,127.36,127.37,100
02/03/2020,11:28:30,127.39,127.39,127.4,100
02/03/2020,11:28:36,127.39,127.4,127.4,200
02/03/2020,11:28:36,127.39,127.4,127.4,100
02/03/2020,11:28:36,127.39,127.4,127.4,100
02/03/2020,11:28:36,127.4,127.4,127.4,100
02/03/2020,11:28:36,127.39,127.4,127.4,100
02/03/2020,11:28:37,127.38,127.37,127.38,100
02/03/2020,11:28:40,127.38,127.38,127.39,100
02/03/2020,11:28:52,127.39,127.38,127.39,200
02/03/2020,11:28:53,127.38,127.37,127.38,100
02/03/2020,11:28:54,127.38,127.38,127.39,203
02/03/2020,11:28:54,127.38,127.38,127.39,100
02/03/2020,11:29:03,127.36,127.36,127.37,100
02/03/2020,11:29:08,127.36,127.35,127.36,100
02/03/2020,11:29:10,127.36,127.35,127.36,100
02/03/2020,11:29:11,127.3579,127.35,127.36,588
02/03/2020,11:29:25,127.36,127.35,127.36,100
02/03/2020,11:29:26,127.35,127.35,127.36,100
02/03/2020,11:29:30,127.36,127.35,127.36,100
02/03/2020,11:29:38,127.35,127.34,127.35,100
02/03/2020,11:29:50,127.35,127.33,127.34,100
02/03/2020,11:29:59,127.34,127.34,127.35,100
02/03/2020,11:29:59,127.34,127.34,127.35,100
02/03/2020,11:30:02,127.345,127.35,127.36,100
02/03/2020,11:30:02,127.35,127.35,127.36,125
02/03/2020,11:30:02,127.35,127.35,127.36,100
02/03/2020,11:30:03,127.36,127.36,127.37,100
02/03/2020,11:30:21,127.34,127.33,127.34,100
02/03/2020,11:30:21,127.34,127.33,127.34,100
02/03/2020,11:30:27,127.36,127.35,127.36,200
02/03/2020,11:30:36,127.36,127.36,127.37,100
02/03/2020,11:30:49,127.37,127.37,127.38,100
02/03/2020,11:30:53,127.3722,127.37,127.38,680
02/03/2020,11:30:57,127.34,127.34,127.35,100
02/03/2020,11:30:57,127.345,127.34,127.35,100
02/03/2020,11:31:11,127.35,127.35,127.36,100
02/03/2020,11:31:16,127.34,127.34,127.35,100
02/03/2020,11:31:19,127.33,127.33,127.34,321
02/03/2020,11:31:19,127.3351,127.33,127.34,594
02/03/2020,11:31:20,127.3351,127.33,127.34,209
02/03/2020,11:31:22,127.3351,127.33,127.34,388
02/03/2020,11:31:23,127.3351,127.33,127.34,208
02/03/2020,11:31:25,127.33,127.33,127.34,601
02/03/2020,11:31:25,127.3351,127.33,127.34,132
02/03/2020,11:31:26,127.33,127.33,127.34,276
02/03/2020,11:31:27,127.335,127.32,127.33,200
02/03/2020,11:31:28,127.3266,127.32,127.33,206
02/03/2020,11:31:29,127.3151,127.31,127.32,114
02/03/2020,11:31:29,127.32,127.32,127.33,100
02/03/2020,11:31:29,127.32,127.32,127.33,100
02/03/2020,11:31:30,127.33,127.32,127.33,100
02/03/2020,11:31:31,127.32,127.32,127.33,136
02/03/2020,11:31:31,127.32,127.32,127.33,141
02/03/2020,11:31:31,127.3299,127.32,127.33,566
02/03/2020,11:31:59,127.28,127.28,127.29,100
02/03/2020,11:31:59,127.28,127.28,127.29,100
02/03/2020,11:32:04,127.28,127.28,127.29,110
02/03/2020,11:32:05,127.29,127.29,127.3,100
02/03/2020,11:32:26,127.29,127.29,127.3,100
02/03/2020,11:32:33,127.29,127.29,127.3,100
02/03/2020,11:32:33,127.29,127.29,127.3,100
02/03/2020,11:32:33,127.29,127.29,127.3,400
02/03/2020,11:32:33,127.295,127.29,127.3,100
02/03/2020,11:32:33,127.28,127.28,127.29,100
02/03/2020,11:32:33,127.28,127.27,127.28,100
02/03/2020,11:32:33,127.28,127.27,127.28,100
02/03/2020,11:32:33,127.28,127.28,127.29,100
02/03/2020,11:32:33,127.28,127.28,127.29,100
02/03/2020,11:32:38,127.275,127.27,127.28,100
02/03/2020,11:32:42,127.2827,127.28,127.29,246
02/03/2020,11:32:47,127.27,127.27,127.28,300
02/03/2020,11:32:47,127.27,127.27,127.28,100
02/03/2020,11:32:47,127.27,127.27,127.28,100
02/03/2020,11:32:47,127.27,127.27,127.28,100
02/03/2020,11:32:47,127.27,127.27,127.28,100
02/03/2020,11:32:47,127.27,127.27,127.28,200
02/03/2020,11:32:47,127.27,127.27,127.28,300
02/03/2020,11:32:47,127.27,127.27,127.28,100
02/03/2020,11:32:47,127.27,127.27,127.28,100
02/03/2020,11:32:47,127.27,127.27,127.28,100
02/03/2020,11:32:47,127.26,127.25,127.26,300
02/03/2020,11:32:47,127.26,127.25,127.26,200
02/03/2020,11:32:47,127.26,127.25,127.26,100
02/03/2020,11:32:47,127.26,127.25,127.26,100
02/03/2020,11:32:47,127.26,127.25,127.26,200
02/03/2020,11:32:47,127.26,127.25,127.26,600
02/03/2020,11:32:47,127.26,127.25,127.26,200
02/03/2020,11:32:47,127.26,127.25,127.26,100
02/03/2020,11:32:47,127.26,127.25,127.26,100
02/03/2020,11:32:47,127.26,127.25,127.26,100
02/03/2020,11:32:47,127.26,127.25,127.26,300
02/03/2020,11:32:47,127.26,127.25,127.26,100
02/03/2020,11:32:47,127.26,127.25,127.26,100
02/03/2020,11:32:47,127.26,127.25,127.26,200
02/03/2020,11:32:49,127.27,127.26,127.27,100
02/03/2020,11:32:49,127.27,127.26,127.27,100
02/03/2020,11:33:00,127.275,127.27,127.28,116
02/03/2020,11:33:00,127.28,127.28,127.29,100
02/03/2020,11:33:03,127.29,127.29,127.3,100
02/03/2020,11:33:04,127.3,127.3,127.31,100
02/03/2020,11:33:10,127.263,127.26,127.27,253
02/03/2020,11:33:26,127.26,127.25,127.26,200
02/03/2020,11:33:30,127.25,127.25,127.26,225
02/03/2020,11:33:36,127.28,127.28,127.29,100
02/03/2020,11:33:38,127.27,127.26,127.27,400
02/03/2020,11:33:38,127.27,127.26,127.27,100
02/03/2020,11:33:38,127.27,127.26,127.27,100
02/03/2020,11:33:38,127.27,127.26,127.27,100
02/03/2020,11:33:38,127.27,127.26,127.27,500
02/03/2020,11:33:38,127.27,127.26,127.27,100
02/03/2020,11:33:54,127.3,127.29,127.3,100
02/03/2020,11:34:00,127.2955,127.29,127.3,1000
02/03/2020,11:34:02,127.3,127.3,127.31,100
02/03/2020,11:34:06,127.3,127.29,127.3,100
02/03/2020,11:34:09,127.3,127.3,127.31,100
02/03/2020,11:34:38,127.29,127.29,127.3,100
02/03/2020,11:34:38,127.29,127.29,127.3,225
02/03/2020,11:34:40,127.3,127.3,127.31,100
02/03/2020,11:34:49,127.3,127.29,127.3,100
02/03/2020,11:34:50,127.29,127.29,127.3,100
02/03/2020,11:34:51,127.2914,127.29,127.3,108
02/03/2020,11:34:54,127.28,127.27,127.28,300
02/03/2020,11:34:54,127.28,127.27,127.28,1000
02/03/2020,11:34:54,127.28,127.27,127.28,1100
02/03/2020,11:35:16,127.25,127.24,127.25,100
02/03/2020,11:35:23,127.2535,127.25,127.26,147
02/03/2020,11:35:25,127.26,127.26,127.27,100
02/03/2020,11:35:25,127.26,127.26,127.27,125
02/03/2020,11:35:38,127.24,127.24,127.25,100
02/03/2020,11:35:38,127.245,127.24,127.25,100
02/03/2020,11:35:50,127.245,127.24,127.25,194
02/03/2020,11:36:02,127.235,127.23,127.24,100
02/03/2020,11:36:02,127.23,127.22,127.23,100
02/03/2020,11:36:02,127.23,127.22,127.23,100
02/03/2020,11:36:37,127.2,127.19,127.2,100
02/03/2020,11:36:46,127.2,127.2,127.21,225
02/03/2020,11:36:50,127.22,127.22,127.23,100
02/03/2020,11:36:55,127.24,127.24,127.25,100
02/03/2020,11:37:06,127.22,127.21,127.22,100
02/03/2020,11:37:08,127.215,127.21,127.22,380
02/03/2020,11:37:15,127.22,127.22,127.23,100
02/03/2020,11:37:33,127.2258,127.21,127.23,3373
02/03/2020,11:37:56,127.205,127.21,127.22,100
02/03/2020,11:37:56,127.21,127.21,127.22,125
02/03/2020,11:37:58,127.2199,127.21,127.22,196
02/03/2020,11:38:01,127.22,127.22,127.23,100
02/03/2020,11:38:01,127.22,127.22,127.23,100
02/03/2020,11:38:23,127.19,127.19,127.2,100
02/03/2020,11:38:23,127.19,127.19,127.2,125
02/03/2020,11:38:33,127.192,127.19,127.2,798
02/03/2020,11:38:43,127.2,127.2,127.21,100
02/03/2020,11:39:07,127.205,127.2,127.21,100
02/03/2020,11:39:26,127.2,127.2,127.21,225
02/03/2020,11:39:39,127.2,127.2,127.2,100
02/03/2020,11:39:39,127.2,127.2,127.2,100
02/03/2020,11:39:39,127.2,127.2,127.2,100
02/03/2020,11:39:39,127.2,127.2,127.2,100
02/03/2020,11:39:39,127.2,127.2,127.2,100
02/03/2020,11:39:39,127.19,127.19,127.19,100
02/03/2020,11:39:41,127.19,127.19,127.2,720
02/03/2020,11:39:46,127.2,127.19,127.2,1000
02/03/2020,11:39:56,127.21,127.2,127.21,100
02/03/2020,11:39:57,127.2027,127.2,127.21,420
02/03/2020,11:40:05,127.17,127.17,127.18,100
02/03/2020,11:40:15,127.205,127.2,127.21,304
02/03/2020,11:40:20,127.2,127.19,127.2,100
02/03/2020,11:40:27,127.21,127.21,127.22,100
02/03/2020,11:40:27,127.21,127.21,127.22,125
02/03/2020,11:40:36,127.22,127.21,127.22,100
02/03/2020,11:41:00,127.21,127.21,127.22,100
02/03/2020,11:41:10,127.18,127.17,127.18,100
02/03/2020,11:41:15,127.17,127.16,127.17,200
02/03/2020,11:41:15,127.17,127.16,127.17,100
02/03/2020,11:41:30,127.18,127.18,127.19,100
02/03/2020,11:41:30,127.18,127.18,127.19,104
02/03/2020,11:41:30,127.18,127.18,127.19,121
02/03/2020,11:41:34,127.18,127.17,127.18,100
02/03/2020,11:41:43,127.14,127.13,127.15,100
02/03/2020,11:41:43,127.12,127.13,127.14,100
02/03/2020,11:41:43,127.12,127.13,127.14,100
02/03/2020,11:41:43,127.12,127.13,127.14,100
02/03/2020,11:41:43,127.11,127.13,127.14,500
02/03/2020,11:41:43,127.11,127.13,127.14,100
02/03/2020,11:41:43,127.11,127.13,127.14,100
02/03/2020,11:41:43,127.11,127.13,127.14,100
02/03/2020,11:41:43,127.11,127.13,127.14,100
02/03/2020,11:41:43,127.11,127.13,127.14,100
02/03/2020,11:41:43,127.11,127.13,127.14,100
02/03/2020,11:41:43,127.12,127.13,127.14,300
02/03/2020,11:41:43,127.1,127.13,127.14,100
02/03/2020,11:41:43,127.1,127.13,127.14,100
02/03/2020,11:41:44,127.1,127.1,127.11,100
02/03/2020,11:41:44,127.1,127.1,127.11,100
02/03/2020,11:41:44,127.1,127.1,127.11,300
02/03/2020,11:41:44,127.1,127.1,127.11,100
02/03/2020,11:41:44,127.1,127.1,127.11,100
02/03/2020,11:41:47,127.09,127.07,127.09,100
02/03/2020,11:41:47,127.09,127.07,127.09,100
02/03/2020,11:41:47,127.09,127.07,127.09,100
02/03/2020,11:41:55,127.0595,127.05,127.06,528
02/03/2020,11:41:57,127.07,127.07,127.08,100
02/03/2020,11:42:02,127.09,127.09,127.1,100
02/03/2020,11:42:05,127.1,127.1,127.11,100
02/03/2020,11:42:05,127.1,127.1,127.11,100
02/03/2020,11:42:05,127.1,127.1,127.11,100
02/03/2020,11:42:07,127.11,127.11,127.12,200
02/03/2020,11:42:12,127.1,127.09,127.1,100
02/03/2020,11:42:21,127.1001,127.1,127.11,100
02/03/2020,11:42:24,127.1,127.1,127.11,100
02/03/2020,11:42:28,127.1,127.1,127.11,100
02/03/2020,11:42:28,127.1,127.1,127.11,100
02/03/2020,11:42:28,127.1,127.1,127.11,100
02/03/2020,11:42:40,127.08,127.08,127.09,100
02/03/2020,11:42:40,127.08,127.08,127.09,100
02/03/2020,11:42:54,127.1186,127.11,127.12,178
02/03/2020,11:43:02,127.11,127.1,127.11,100
02/03/2020,11:43:14,127.08,127.08,127.09,300
02/03/2020,11:43:14,127.08,127.08,127.09,340
02/03/2020,11:43:14,127.08,127.08,127.09,200
02/03/2020,11:43:14,127.08,127.08,127.09,100
02/03/2020,11:43:14,127.08,127.08,127.09,100
02/03/2020,11:43:14,127.08,127.08,127.09,300
02/03/2020,11:43:31,127.05,127.04,127.05,100
02/03/2020,11:43:38,127.04,127.03,127.04,100
02/03/2020,11:43:39,127.03,127.03,127.04,100
02/03/2020,11:43:42,127.03,127.03,127.04,100
02/03/2020,11:43:42,127.03,127.03,127.04,100
02/03/2020,11:43:42,127.03,127.03,127.04,100
02/03/2020,11:43:42,127.03,127.03,127.04,100
02/03/2020,11:43:46,127.01,127,127.01,1000
02/03/2020,11:43:46,127,127,127.01,100
02/03/2020,11:43:46,126.99,126.99,127,100
02/03/2020,11:43:46,126.99,126.99,127,1000
02/03/2020,11:43:46,126.99,126.99,127,100
02/03/2020,11:43:46,126.99,126.99,127,100
02/03/2020,11:43:46,126.99,126.99,127,800
02/03/2020,11:43:46,126.99,126.99,127,200
02/03/2020,11:43:46,126.98,126.98,126.99,100
02/03/2020,11:43:46,126.98,126.98,126.99,300
02/03/2020,11:43:46,126.98,126.97,126.98,600
02/03/2020,11:43:46,126.98,126.97,126.98,400
02/03/2020,11:43:46,126.98,126.97,126.98,100
02/03/2020,11:43:46,126.98,126.97,126.98,100
02/03/2020,11:43:46,126.98,126.97,126.98,1000
02/03/2020,11:43:46,126.98,126.97,126.98,400
02/03/2020,11:43:46,126.98,126.97,126.98,200
02/03/2020,11:43:46,126.975,126.97,126.98,100
02/03/2020,11:43:46,126.98,126.97,126.98,100
02/03/2020,11:43:46,126.98,126.97,126.98,100
02/03/2020,11:43:46,126.98,126.97,126.98,100
02/03/2020,11:43:46,126.98,126.97,126.98,200
02/03/2020,11:43:46,126.98,126.97,126.98,100
02/03/2020,11:43:46,126.98,126.97,126.98,100
02/03/2020,11:43:46,126.98,126.97,126.98,100
02/03/2020,11:43:47,126.98,126.98,126.99,200
02/03/2020,11:43:47,126.98,126.98,126.99,300
02/03/2020,11:43:52,127.01,127.01,127.02,100
02/03/2020,11:43:52,127.01,127.01,127.02,100
02/03/2020,11:43:52,127.01,127.01,127.02,100
02/03/2020,11:43:52,127.01,127.01,127.02,100
02/03/2020,11:43:55,127.01,127.01,127.02,100
02/03/2020,11:43:57,127.02,127.02,127.03,100
02/03/2020,11:43:58,127.01,127.01,127.02,100
02/03/2020,11:43:59,127.01,127,127.01,100
02/03/2020,11:43:59,127.01,127,127.01,100
02/03/2020,11:44:01,127.01,127.01,127.02,100
02/03/2020,11:44:01,127.01,127.01,127.02,100
02/03/2020,11:44:16,127.05,127.04,127.05,100
02/03/2020,11:44:16,127.05,127.05,127.06,100
02/03/2020,11:44:16,127.05,127.05,127.06,125
02/03/2020,11:44:23,127.0566,127.05,127.06,241
02/03/2020,11:44:23,127.055,127.05,127.06,100
02/03/2020,11:44:25,127.0577,127.05,127.06,165
02/03/2020,11:44:42,127.06,127.06,127.07,160
02/03/2020,11:44:50,127.07,127.07,127.07,100
02/03/2020,11:44:50,127.06,127.06,127.07,188
02/03/2020,11:44:53,127.06,127.05,127.06,100
02/03/2020,11:44:53,127.06,127.05,127.06,100
02/03/2020,11:44:53,127.06,127.05,127.06,100
02/03/2020,11:45:03,127.03,127.02,127.03,200
02/03/2020,11:45:08,127.02,127.02,127.03,100
02/03/2020,11:45:20,127.0399,127.03,127.04,205
02/03/2020,11:45:20,127.04,127.04,127.05,100
02/03/2020,11:45:20,127.04,127.04,127.05,100
02/03/2020,11:45:22,127.055,127.05,127.06,100
02/03/2020,11:46:19,127,126.99,127,100
02/03/2020,11:46:34,126.99,126.98,126.99,100
02/03/2020,11:46:45,127.01,127.01,127.02,100
02/03/2020,11:46:45,127.01,127.01,127.02,100
02/03/2020,11:46:52,127.02,127.03,127.04,400
02/03/2020,11:46:52,127.02,127.03,127.04,100
02/03/2020,11:46:52,127.02,127.03,127.04,200
02/03/2020,11:46:52,127.02,127.03,127.04,400
02/03/2020,11:46:52,127.02,127.03,127.04,300
02/03/2020,11:46:52,127.02,127.03,127.04,100
02/03/2020,11:46:52,127.02,127.03,127.04,100
02/03/2020,11:46:52,127.03,127.03,127.04,100
02/03/2020,11:46:52,127.02,127.03,127.04,300
02/03/2020,11:46:52,127.02,127.03,127.04,100
02/03/2020,11:46:52,127.02,127.03,127.04,100
02/03/2020,11:46:52,127.02,127.03,127.04,100
02/03/2020,11:46:52,127.02,127.03,127.04,300
02/03/2020,11:46:52,127.01,127.03,127.03,100
02/03/2020,11:46:52,127.01,127.02,127.03,100
02/03/2020,11:46:52,127.01,127.02,127.03,100
02/03/2020,11:46:52,127.01,127.02,127.02,100
02/03/2020,11:46:52,127.01,127.02,127.02,300
02/03/2020,11:46:52,127,126.99,127,100
02/03/2020,11:46:52,127,126.99,127,157
02/03/2020,11:46:52,127,126.99,127,443
02/03/2020,11:46:52,127,127,127.01,100
02/03/2020,11:46:52,127,127,127.01,100
02/03/2020,11:46:52,127,127,127.01,100
02/03/2020,11:46:52,127,127,127.01,100
02/03/2020,11:46:55,127.01,127,127.01,100
02/03/2020,11:46:55,127.01,127.01,127.02,100
02/03/2020,11:46:55,127.01,127.01,127.02,100
02/03/2020,11:46:55,127.01,127.01,127.02,100
02/03/2020,11:47:00,127.015,127.01,127.02,100
02/03/2020,11:47:05,127.02,127.02,127.03,100
02/03/2020,11:47:20,127.0335,127.03,127.04,187
02/03/2020,11:47:25,127.03,127.02,127.03,300
02/03/2020,11:47:35,127.03,127.03,127.04,293
02/03/2020,11:47:35,127.03,127.03,127.04,440
02/03/2020,11:47:35,127.03,127.03,127.04,107
02/03/2020,11:47:35,127.03,127.03,127.04,160
02/03/2020,11:47:35,127.03,127.03,127.04,100
02/03/2020,11:47:35,127.03,127.03,127.04,594
02/03/2020,11:47:35,127.03,127.03,127.04,264
02/03/2020,11:47:35,127.03,127.03,127.04,560
02/03/2020,11:47:35,127.03,127.03,127.04,100
02/03/2020,11:47:48,127.05,127.05,127.06,200
02/03/2020,11:47:48,127.05,127.05,127.06,100
02/03/2020,11:47:50,127.06,127.05,127.06,100
02/03/2020,11:47:58,127.05,127.04,127.05,100
02/03/2020,11:47:58,127.05,127.04,127.05,200
02/03/2020,11:47:58,127.05,127.04,127.05,100
02/03/2020,11:47:58,127.05,127.04,127.05,100
02/03/2020,11:47:58,127.05,127.04,127.05,100
02/03/2020,11:47:58,127.05,127.05,127.06,100
02/03/2020,11:47:59,127.05,127.05,127.05,100
02/03/2020,11:47:59,127.05,127.05,127.05,100
02/03/2020,11:47:59,127.04,127.03,127.04,100
02/03/2020,11:48:09,127.02,127.01,127.02,100
02/03/2020,11:48:15,127,126.99,127,100
02/03/2020,11:48:32,127,127,127.01,100
02/03/2020,11:49:15,127.01,127.01,127.02,100
02/03/2020,11:49:18,127.01,127.01,127.02,100
02/03/2020,11:49:24,126.99,126.98,126.99,100
